2746 4808
588 281 786 340 -31-

208 438 290 496 Haec
311 436 413 495 omnia
435 442 589 514 tantopere
611 437 792 496 conveniunt
813 456 883 497 cum
897 436 1053 497 Strabonis
1075 436 1247 496 narratione

124 549 159 601 ut
182 561 275 621 pauca
297 543 348 601 illa
368 543 541 620 discrepare
562 561 628 600 meo
643 543 765 620 quidem
780 542 891 603 iudicio
906 561 1014 621 parum
1037 544 1158 601 referat.
1183 543 1246 602 Iam

120 650 148 707 si
172 648 365 708 consentiunt
389 648 419 706 in
452 649 507 706 hac
529 666 561 706 re
588 646 690 707 Cicero
712 647 821 708 Sextus
847 647 965 723 Strabo,
988 648 1243 708 verisimillimum

121 758 180 826 est,
203 751 398 811 Posidonium
414 753 582 812 adhibitum
598 771 663 812 esse
676 760 841 828 auctorem,
864 773 933 812 cum
950 754 1128 831 praesertim
1142 753 1246 812 addita

122 858 187 918 sint
208 857 298 917 verba
320 858 424 935 tragici
447 864 561 936 poetae,
584 876 713 936 quorum
742 859 937 919 Posidonium
954 866 1060 918 notum
1076 864 1121 917 est
1143 876 1248 917 aman·

121 963 277 1022 tissimum
299 964 403 1023 fuisse.

204 1071 347 1130 Ceterum
379 1073 431 1149 qui
464 1079 628 1131 narrantur
659 1091 675 1130 a
710 1071 857 1131 Strabone
884 1072 1077 1147 ‚singularum
1109 1071 1246 1148 gentium

122 1194 235 1251 meree,
258 1196 363 1235 omnes
384 1179 447 1237 l'ere
469 1178 665 1237 inveniuntur
686 1177 765 1256 opud
787 1178 960 1257 scriptores
984 1178 1035 1255 qui
1058 1178 1247 1255 scripserunt

121 1279 159 1339 de
181 1280 274 1340 rebus
296 1281 497 1340 mirabilibus.
521 1282 662 1342 Nicotaus
683 1283 806 1359 quidem
827 1283 1033 1342 Damascenus
1065 1283 1111 1342 in
1126 1302 1245 1343 morum

121 1386 310 1445 mirabilium
336 1386 510 1447 collectione
531 1386 581 1466 (fr.
605 1386 677 1466 tto)
708 1394 737 1445 et
759 1387 897 1447 Valerius
919 1386 1070 1447 Maximus
1103 1387 1184 1463 116,
1207 1386 1247 1446 lh

123 1492 288 1551 memoriae
310 1492 434 1550 tradunt
457 1492 654 1552 barbarorum
674 1493 866 1570 quorundam
888 1512 955 1552 esse
977 1511 1104 1570 morem,
1140 1500 1173 1553 ut
1193 1511 1247 1553 na-

122 1595 199 1655 tales
222 1595 381 1655 hominum
404 1597 467 1656 dies
489 1598 642 1657 celebrent
663 1617 733 1657 cum
746 1598 888 1673 lacrimis,
911 1618 981 1658 cum
998 1599 1149 1659 hilaritate
1163 1617 1247 1658 exse-

122 1703 237 1781 quias.¹
269 1702 368 1780 Atque
390 1703 534 1763 Aelianus
554 1681 637 1761 vsh.
662 1701 738 1762 IVl
770 1704 875 1764 eadem
907 1704 1029 1764 exhibet
1050 1705 1088 1763 de
1108 1703 1247 1763 Derbicis

122 1814 215 1885 atque
237 1806 372 1866 Strabo.2
393 1807 540 1886 Deinceps
574 1809 611 1866 de
632 1808 680 1881 iis,
709 1809 762 1886 qui
786 1827 878 1886 quam
901 1808 1076 1885 longissima
1104 1808 1246 1866 studeant

122 1912 181 1972 sibi
204 1913 300 1990 capita
323 1931 439 1990 parare,
471 1914 573 1972 conler
600 1932 676 1990 quae
698 1919 816 1972 exstant
839 1911 919 1990 apud
941 1912 1104 1973 Zenobiam
1126 1912 1151 1970 V
1171 1911 1247 1970 25³

338 2067 403 2144 §la

206 2197 241 2256 ln
263 2197 422 2256 Bactriana
439 2189 648 2276 Sogdianaque
669 2197 707 2256 ab
719 2177 891 2257 Alexandro
912 2197 1047 2256 conditas
1068 2215 1134 2256 esse
1155 2196 1247 2256 urbes

122 2307 191 2362 octo
212 2302 342 2379 legimus
370 2303 450 2381 apud
471 2303 583 2362 lustin.
608 2301 665 2361 XII
686 2302 716 2377 5,
741 2301 790 2360 ta.
824 2303 903 2362 Nam
935 2308 1094 2380 postquam
1122 2301 1248 2361 absolvit

121 2405 161 2465 de
184 2406 372 2467 Alexandrea
403 2408 440 2466 ad
462 2407 587 2466 Tanaim
621 2408 751 2482 condita,
784 2407 825 2466 ita
847 2407 962 2485 pergit:
998 2406 1059 2466 «In
1081 2407 1247 2467 Bactrianis

119 2530 244 2590 quoque
275 2513 493 2590 Sogdianisque
522 2518 637 2590 septem
671 2513 762 2573 urbes
793 2512 960 2571 condidit.»
1005 2511 1112 2572 Strabo
1141 2518 1244 2571 autem

120 2615 207 2675 illam
229 2616 449 2676 Alexandream
471 2636 541 2676 cum
563 2623 654 2696 ponat
675 2618 706 2676 in
729 2618 949 2694 Sogdianorum
979 2617 1130 2692 sinibuS‚⁴
1161 2626 1244 2677 octo-

121 2722 246 2781 narium
268 2741 432 2781 numerum
453 2723 601 2783 exhibens
622 2742 682 2782 non
704 2722 803 2782 ditlert
824 2743 842 2783 a
862 2724 991 2783 tustino.

204 2824 352 2903 Deinceps
373 2826 543 2905 Cyropolim
565 2825 687 2886 Curtius
708 2826 764 2885 VII
785 2827 815 2901 6,
838 2826 878 2886 ta
900 2834 1003 2887 narrat
1031 2827 1160 2886 deletam
1182 2844 1248 2885 esse

121 2928 163 2988 ab
174 2927 347 2990 Alexandro
361 2948 546 3008 quamquam
569 2930 682 2990 invito:
709 2930 886 2991 «Statuerat
907 2938 1010 2994 autern
1032 2949 1156 3010 parcere
1178 2930 1248 2990 urbi

122 3034 264 3094 conditae
285 3054 302 3094 a
324 3034 415 3113 Cyr03
439 3035 549 3114 quippe
572 3054 631 3095 non
647 3035 748 3100 ,alium
769 3037 905 3112 gentium
927 3035 1049 3096 illorum
1071 3036 1168 3112 magis
1191 3035 1246 3095 ad·

123 3139 255 3200 miratus
275 3146 331 3215 est,
355 3159 447 3218 quarn
469 3141 550 3199 hunc
572 3160 674 3218 regem
690 3149 720 3201 et
732 3142 929 3217 Samiramin,
952 3162 1027 3221 quos
1048 3148 1079 3201 et
1096 3141 1249 3218 magnitu-

121 3245 195 3306 dine
216 3245 311 3304 animi
333 3251 362 3304 et
383 3245 518 3306 claritate
533 3265 636 3306 rerum
652 3247 739 3324 longe
752 3247 913 3306 emicuisse
928 3246 1081 3308 credebat.
1105 3245 1248 3306 Ceterum

123 3350 291 3430 pertinacia
305 3349 525 3428 oppidanorum
540 3350 616 3411 iram
630 3351 696 3410 eius
710 3351 859 3413 accendit.
882 3351 988 3429 Itaque
1005 3357 1124 3430 captam
1140 3349 1248 3409 urbem

122 3456 216 3536 diripi
244 3456 362 3516 iussim
395 3454 533 3517 Dirutam
562 3476 628 3517 esse
657 3457 763 3517 urbem
795 3457 943 3517 Arrianus
975 3475 1094 3536 quoque
1126 3463 1247 3530 narrat;

123 3565 239 3624 frustra
261 3568 362 3621 autem
384 3563 463 3640 apud
489 3565 571 3622 hunc
591 3581 718 3641 quaeras
740 3563 790 3622 illa
812 3563 850 3624 de
869 3563 1041 3624 Alexandro
1063 3563 1131 3641 Cyri
1153 3561 1250 3621 admi·

123 3675 235 3731 ratore.
267 3664 368 3738 Quare
397 3669 427 3727 in
459 3669 515 3727 hac
540 3667 663 3745 quidem
693 3687 726 3728 re
749 3668 856 3729 Strabo
885 3668 1003 3728 videtur
1032 3673 1152 3728 secutus
1184 3685 1250 3727 esse

122 3773 325 3834 Clitarchum⁴

198 3971 208 4009 ¹
229 3969 269 4025 Cf.
289 3968 392 4025 Zenob.
413 3970 434 4023 V
453 3972 495 4025 25.

197 4053 209 4092 '²
229 4053 269 4108 Cf.
284 4054 417 4120 Porphyr.
437 4055 471 4107 de
490 4054 592 4107 abstin.
613 4055 647 4108 IV
667 4057 708 4109 21.
730 4057 768 4110 De
786 4055 910 4124 Siginnis
925 4053 1029 4108 similia
1042 4057 1127 4120 atque
1143 4053 1246 4108 Strabo

124 4140 239 4206 protei-t
264 4138 365 4192 Herod.
387 4139 451 4206 tto
486 4139 541 4192 Sed
567 4155 632 4192 cum
661 4138 743 4207 plura
769 4139 904 4207 praebeat
923 4137 1026 4193 Strabo
1054 4154 1139 4206 quam
1157 4137 1246 4190 Hero·

126 4223 222 4284 dotus,
243 4239 300 4275 non
320 4223 387 4277 licet
406 4223 531 4293 cogitare
551 4223 585 4275 de
605 4223 748 4277 Herodoto
769 4223 918 4277 Strabonis
938 4224 1061 4275 auctore.

231 4307 271 4363 Cf.
291 4307 422 4376 Hippocr.
443 4307 477 4360 de
496 4324 552 4362 aar.
572 4307 625 4360 loc.
645 4311 673 4360 et
693 4325 736 4374 aq.
756 4308 768 4359 1
787 4309 839 4358 bot)
859 4307 901 4360 ed.
921 4305 1032 4361 Knehn.

202 4390 212 4428 ⁴
232 4390 271 4444 cf.
292 4391 355 4444 Plin
384 4408 409 4445 n.
430 4392 457 4444 h.
477 4390 511 4444 ul
530 4392 572 4444 49.
