2746 4808
580 291 875 372 ..rr--w

120 488 195 548 quos
216 467 325 528 Strabo
345 466 377 525 in
391 483 417 524 c.
434 462 488 522 VII
503 460 551 538 §3
574 461 669 519 tontes
690 456 874 530 adhibuerit3
898 453 984 513 tacite
1004 457 1050 511 est
1071 448 1235 510 intellectu.

120 576 259 637 Primum
287 572 409 652 quidem
438 568 578 646 Polycleti
609 566 646 625 de
678 563 761 623 Ocho
793 563 923 621 refertur
954 559 1114 632 sententia,
1146 575 1238 634 quem

121 700 211 760 supra
233 680 364 740 vidimus
394 676 514 736 Ochum
544 672 705 733 tradidisse
738 670 769 729 in
800 687 883 728 mare
916 668 1009 727 exire.
1048 668 1125 727 Cum
1157 663 1238 723 idem

121 788 290 867 Polycletus
319 786 433 845 diceret
458 780 499 841 ὧν
530 778 656 861 ὁὨχος
686 775 731 838 καὶ
758 775 803 836 ua
824 782 877 857 τῆς
896 771 1029 856 Naeuius
1050 775 1099 856 ῥεῖ,
1132 773 1239 834 Strabo

121 895 192 955 inde
213 896 339 953 fortasse
359 889 485 950 coniecit
505 890 584 948 hanc
606 885 789 965 provinciam
804 903 864 943 non
882 883 1051 962 Hyrcaniae
1071 882 1238 942 subiectam

122 1003 173 1063 sed
195 1020 268 1062 suae
293 999 420 1059 dicionis
451 1015 527 1056 esse.
567 994 655 1054 Unde
686 992 882 1069 intellegitur,
914 1009 969 1050 cur
999 990 1106 1050 Strabo
1127 990 1158 1048 in
1181 989 1241 1050 fine

122 1107 326 1170 antecedentis
348 1104 528 1184 paragraphi
550 1103 649 1162 dicat:
685 1097 757 1167 unic
786 1096 817 1158 δὲ
845 1096 910 1158 καθ’
943 1095 1032 1178 αὐτὴν
1060 1095 1168 1158 τιθέασι
1188 1096 1242 1177 τὴν

122 1216 262 1300 Νησαῖον.
297 1217 361 1275 Iam
394 1220 428 1274 ut
458 1229 631 1291 pergamus
664 1211 695 1268 in
728 1208 917 1287 paragrapho
948 1207 968 1266 3
996 1208 1067 1268 inde
1096 1228 1113 1270 a
1143 1209 1241 1270 verbis

122 1324 186 1385 ἔνιοι
207 1322 238 1384 δὲ
259 1321 306 1382 τὸν
322 1320 411 1405 Ὦχον
438 1317 603 1380 Aristobuli
636 1317 797 1396 exponitur
818 1317 980 1392 sententia,
1003 1317 1040 1376 de
1067 1337 1128 1396 qua
1149 1337 1241 1398 supra

121 1432 353 1511 disputavimus.
420 1428 504 1500 Quae
544 1431 733 1504 sequuntur,
770 1445 804 1485 ea
842 1433 872 1486 et
906 1427 985 1505 apud
1032 1426 1240 1488 hristohutum

122 1540 180 1618 legi
209 1546 239 1599 et
267 1537 346 1616 apud
382 1536 611 1595 Eratosthenem
640 1533 726 1592 testis
753 1539 799 1592 est
826 1533 890 1612 ipse
920 1533 1038 1594 Strabo.
1076 1534 1193 1606 Quibus
1224 1554 1241 1594 e

122 1647 220 1708 verbis
241 1645 381 1724 equidem
402 1635 543 1703 arbitror⁴
552 1641 794 1701 concludendum
815 1660 892 1716 esse,
916 1661 976 1701 non
997 1644 1098 1722 ipsum
1120 1643 1237 1704 Aristo-

123 1755 229 1815 bulum
251 1759 321 1813 ante
342 1752 444 1825 oculos
465 1749 559 1809 luisse
581 1747 732 1820 Straboni,
759 1747 823 1825 sed,
847 1757 881 1809 ut
901 1749 1081 1826 Patroclem,
1115 1753 1241 1814 citatum

122 1881 189 1922 esse
209 1860 288 1940 apud
310 1860 551 1920 Eratosthenem.
590 1855 647 1915 Sed
681 1856 772 1915 etiam
805 1855 946 1934 Polycleti
979 1856 1062 1917 illam
1091 1859 1129 1918 de
1160 1860 1242 1920 Ocho

123 1968 305 2030 sententiam
327 1972 399 2045 puto
419 1964 610 2026 Eratostheni
633 1963 747 2038 deberi,
778 1982 848 2023 cum
878 1967 1057 2042 praesertim
1087 1969 1119 2026 in
1150 1987 1241 2047 para-

123 2075 236 2155 grapho
257 2074 287 2151 li,
310 2092 401 2151 quam
424 2077 517 2131 totam
531 2069 807 2130 demonstrabimus
828 2070 865 2130 ad
880 2071 1109 2135 Eratosthenem
1132 2076 1241 2154 redire,

124 2182 229 2242 eadem
262 2179 405 2258 Polycleti
441 2179 584 2239 atteratur
613 2178 651 2237 de
679 2177 760 2237 Ocho
788 2180 948 2240 sententia.
986 2181 1071 2253 Quod
1107 2203 1176 2244 vero
1210 2186 1242 2246 in

123 2295 258 2350 extrema
280 2288 468 2367 paragrapho
488 2285 519 2347 3.
544 2285 741 2364 Apollodorus
762 2286 913 2363 laudatur,
937 2290 1090 2367 probabile
1118 2299 1174 2367 est,
1205 2314 1244 2355 ne

125 2397 356 2458 Eratosthenem
390 2394 515 2472 quidem
561 2395 660 2473 ipsum
699 2402 854 2454 auctorem
886 2414 951 2456 esse
988 2397 1156 2477 Strabonis,
1191 2402 1242 2461 sed

125 2504 330 2565 Posidonium.

339 2635 403 2711 §h

205 2756 264 2816 Suo
295 2755 361 2815 iure
395 2753 502 2814 Strabo
535 2752 738 2814 acerbissimis
773 2755 872 2816 verbis
901 2756 1048 2835 vituperat
1080 2758 1243 2822 Alexandri

80 2930 83 2936 ,
125 2864 227 2942 Magni
249 2863 383 2936 comites,
407 2861 458 2938 qui
487 2859 562 2920 vana
584 2860 696 2938 gloriae
717 2862 881 2940 cupiditate
902 2866 1043 2924 commoti
1065 2867 1242 2928 Maeotidem

125 2970 328 3051 Caspiumque
350 2987 434 3028 mare
466 2966 547 3026 idem
569 2967 779 3029 contenderint
802 2987 879 3044 esse,
903 2989 937 3029 eo
965 2972 1078 3033 scilicet
1106 2976 1243 3051 consilio,

125 3083 160 3135 ut
188 3075 302 3135 nullam
338 3075 427 3134 Asiae
457 3079 574 3153 partem
609 3093 669 3133 non
702 3075 811 3135 adiisse
844 3076 1020 3138 viderentur
1054 3080 1242 3145 Macedones.

125 3182 191 3254 Qua
213 3182 244 3241 in
266 3182 468 3260 disputatione
501 3179 679 3241 Strabonem
708 3182 798 3260 plane
829 3183 962 3261 pendere
986 3187 1024 3245 ab
1046 3187 1244 3250 Eratosthene

125 3288 311 3366 intellegitur
341 3289 401 3363 his,
432 3308 509 3367 quae
540 3289 572 3348 in
601 3288 661 3347 fine
690 3288 845 3366 leguntur,
870 3293 989 3352 verbis:
1021 3293 1117 3355 πολλοὶ
1147 3294 1246 3358 δὲκαὶ
1273 3361 1275 3366 ,

125 3393 206 3455 ἄλλα
232 3398 345 3455 τοιαῦτα
372 3396 533 3479 συγκρούειν
558 3394 771 3478 Ἐρατοσθένης
797 3405 933 3480 πειρᾶται.
967 3400 1067 3472 Quare
1094 3405 1244 3484 Bergerus

126 3507 218 3561 totam
241 3501 319 3560 hanc
340 3503 564 3581 paragraphum
587 3502 776 3562 Eratostheni
796 3504 924 3565 debebat
940 3507 1102 3586 vindicare,
1120 3513 1149 3572 id
1164 3517 1243 3592 quod

125 3607 187 3667 iarn
219 3609 419 3668 Neumannus
449 3609 615 3670 observavit
645 3610 677 3669 in
707 3610 839 3672 Hermae
861 3614 918 3673 vol.
942 3616 1012 3677 XIX
1034 3637 1063 3696 p.
1092 3617 1151 3679 183
1173 3624 1242 3686 adn.
1295 3673 1298 3679 ,

126 3713 182 3792 (De
204 3712 332 3790 singulis
354 3714 444 3774 rebus
465 3715 504 3775 cf.
529 3715 614 3775 Curt.
638 3716 708 3775 Rus.
727 3717 766 3775 VI
788 3717 818 3792 4,
840 3717 890 3778 18.
916 3720 970 3780 Vll
991 3721 1022 3797 6,
1045 3723 1094 3783 25.
1118 3727 1241 3790 Arrian,

125 3837 174 3879 an.
199 3819 242 3879 III
263 3819 314 3895 30,
339 3819 368 3879 7.
392 3821 479 3881 Diod.
504 3821 566 3882 Sic.
588 3823 672 3882 XVII
694 3822 743 3886 75.
767 3824 847 3887 Plin.
876 3847 907 3887 n.
932 3830 962 3888 h.
990 3830 1028 3892 VI
1058 3832 1109 3894 51.
1144 3836 1244 3898 Strab.

126 3923 168 3986 XI
190 3924 220 4003 7,
243 3926 262 3984 2
284 3926 317 3986 C.
336 3926 422 4006 509.)
744 3960 747 3967 ·

339 4063 402 4140 §a

209 4181 308 4242 Huius
339 4185 517 4263 paragraphi
554 4187 666 4246 fontem
698 4207 764 4248 esse
798 4189 956 4251 Eudoxum
991 4195 1054 4274 ipse
1089 4201 1247 4278 profitetur

127 4287 251 4363 Strabo,
275 4308 345 4347 nam
368 4290 445 4367 quod
468 4291 550 4351 addit
572 4291 633 4362 ,καὶ
654 4293 780 4367 dliltoir‘,
811 4296 865 4355 hoo
896 4301 1048 4375 pertinere
1069 4306 1187 4368 videtur
1210 4313 1244 4370 ad

128 4402 220 4456 testes
241 4397 322 4475 apud
344 4397 501 4458 Eudoxum
524 4401 638 4461 citatos.
