2746 4808
586 242 705 302 -49
746 280 785 288 -

131 426 237 487 Teucri
261 427 337 486 dicio
358 432 459 486 nostra
481 432 578 488 aetate
600 426 742 506 appellari
768 427 827 487 iarn
861 436 963 508 coepta
993 435 1074 490 erut‘
1104 438 1138 490 ut
1166 439 1248 494 recte

127 535 221 594 sensit
241 533 395 593 Falconer.

206 636 290 708 Quod
326 638 351 695 si
382 637 494 698 corruit
525 637 695 697 Schroeteri
728 638 890 713 sententia,
924 639 999 698 nihil
1030 640 1138 716 obstat,
1172 641 1246 718 quin

125 764 196 804 oum
216 744 318 803 Niesio
339 750 492 822 puteniuS,
517 742 697 803 Strabonem
713 752 820 804 natum
835 763 901 805 esse
915 764 995 804 anno
1010 765 1038 808 a.
1057 740 1128 806 Chr.
1146 766 1176 804 n.
1194 745 1244 806 63.

126 848 322 928 Apollodorus
344 850 437 927 igitur
457 867 581 910 neeesse
601 855 647 908 est
660 857 727 928 post
742 849 772 908 id
788 849 933 928 temporis
948 850 1076 911 ediderit
1091 851 1244 912 Parthica.

205 956 269 1014 Iarn
305 959 399 1014 restat
433 960 466 1013 ut
498 973 692 1032 quaornmuS,
729 963 803 1015 ante
832 973 922 1034 quern
953 974 1070 1016 annum
1092 958 1246 1035 scripserit

123 1061 331 1140 Apollodorus.
354 1059 466 1131 Quodsi
489 1058 668 1119 Posidonius
689 1060 720 1119 in
742 1061 779 1120 iis
800 1060 897 1136 libris,
920 1061 972 1139 qui
986 1058 1124 1144 ,iotopiui‘
1156 1063 1246 1141 vulgo

124 1174 277 1245 vocantur,
313 1173 467 1226 auctorem
501 1165 639 1225 adhibuit
665 1166 890 1226 Artemitenuni
913 1167 965 1247 (cf.
992 1187 1021 1247 p.
1045 1168 1086 1227 34
1106 1168 1175 1249 ss),
1199 1187 1248 1229 se-

123 1286 226 1364 qnitur
255 1284 393 1344 Parthica
422 1302 488 1342 esse
509 1282 588 1342 edita
617 1290 687 1343 ante
714 1304 829 1344 annum
851 1305 879 1345 a.
904 1285 976 1346 Chr.
1001 1306 1032 1345 n.
1057 1287 1192 1362 teredii,
1216 1290 1242 1347 si

123 1393 244 1471 quidem
277 1393 390 1452 Bernh.
427 1390 577 1469 Seppius¹
614 1397 694 1450 reete
728 1391 894 1452 arbitratur
928 1392 1079 1451 Posidonii
1102 1393 1244 1453 historias

129 1517 194 1557 esse
215 1497 394 1576 compositas
416 1498 494 1556 intra
515 1515 610 1556 annos
631 1515 658 1555 a.
683 1497 754 1556 Chr.
779 1517 811 1557 n.
834 1496 874 1557 49
895 1505 924 1558 et
944 1498 995 1558 44.

206 1603 302 1681 Igitur
334 1601 531 1680 Apollodorus
553 1600 761 1662 Artemitenus
791 1602 932 1662 Parthica
964 1602 1084 1663 videtur
1116 1603 1247 1663 edidisse

127 1707 205 1768 intra
226 1726 321 1766 annos
342 1725 370 1766 a.
393 1706 465 1767 Chr.
490 1725 520 1763 n.
544 1704 584 1764 63
605 1712 634 1765 et
654 1704 705 1765 49.

201 1876 211 1914 ¹
232 1876 340 1931 Bratter
352 1875 399 1931 fiir
412 1874 464 1930 das
483 1875 578 1941 Barer.
598 1872 944 1946 Gymnaaialaohulweson‚
963 1876 1019 1932 vol.
1038 1877 1125 1933 XVIII
1143 1897 1170 1949 p.
1185 1881 1245 1938 398.
