2746 4808
503 823 866 905 PRAEFATIO.

202 1160 232 1219 Si
252 1161 324 1238 quis
345 1161 516 1237 fragmenta
533 1158 640 1218 veteris
653 1157 821 1236 scriptoris,
843 1157 930 1217 cuius
945 1157 1057 1236 scripta
1072 1163 1244 1236 temporum

121 1265 280 1344 iniquitate
301 1265 468 1343 perierunt,
499 1263 680 1339 investigare
711 1269 801 1342 atque
828 1262 968 1340 colligere
996 1261 1053 1322 sibi
1078 1261 1243 1340 proposuit,

121 1388 220 1450 neque
245 1368 318 1429 satis
348 1369 450 1445 hahet,
482 1388 516 1428 ea
544 1369 743 1443 solummodo,
768 1387 845 1446 quae
872 1374 987 1428 servata
1009 1375 1082 1427 suut
1110 1367 1240 1426 auctoris

121 1476 244 1536 nomine
264 1474 363 1550 allato,
387 1475 550 1534 collectioni
573 1493 646 1534 suae
666 1461 828 1551 uindicare,
853 1475 931 1534 duae
953 1475 1145 1553 potissimum
1174 1487 1248 1540 sum

123 1583 255 1642 rationes
287 1579 463 1658 quaerendi,
494 1579 605 1657 quilius
639 1579 782 1639 adhibitis
818 1599 881 1638 rem
917 1599 1059 1659 prospere
1093 1599 1247 1639 cessuram

122 1707 188 1748 esse
219 1705 340 1766 sperare
372 1686 476 1764 possit.
508 1686 570 1745 Aut
597 1686 679 1746 enim
709 1687 749 1744 ita
772 1705 836 1745 rem
866 1686 1014 1759 instituet,
1039 1692 1072 1744 ut
1094 1685 1246 1764 profectus

122 1813 140 1852 a
174 1792 263 1852 certis
298 1791 379 1850 illius
420 1791 573 1869 scriptoris
619 1789 797 1865 fragmentis
836 1790 943 1848 similia
982 1790 1110 1848 oliorum
1154 1789 1247 1868 scrip·

123 1904 224 1957 torum
244 1897 282 1956 de
303 1897 411 1955 iisdem
434 1895 524 1955 rehns
546 1896 718 1956 testimonia
749 1913 818 1954 cum
848 1895 905 1954 illis
928 1903 1092 1972 comparet,
1116 1901 1169 1954 aut
1190 1895 1242 1969 ita,

123 2009 156 2062 ut
176 2002 311 2062 studium
332 2009 492 2083 consumat
514 2003 545 2060 in
569 2001 711 2061 eruendis
727 2000 868 2062 omnibus
891 2000 1025 2059 fontibus
1047 2019 1151 2060 eorum
1175 2019 1244 2060 auc-

122 2115 233 2183 torum,
263 2126 281 2166 a
312 2107 422 2186 quibus
454 2107 540 2165 illum
568 2106 738 2165 adhibitum
769 2125 834 2166 esse
864 2112 916 2165 aut
943 2106 1032 2165 certis
1066 2107 1246 2166 testimoniis

121 2218 236 2272 constat
258 2217 310 2270 aut
331 2217 452 2290 propter
467 2211 639 2287 argumenti
662 2210 894 2269 similitudinem
915 2210 1025 2269 aliasve
1048 2230 1155 2271 causas
1178 2231 1247 2290 pro·

121 2316 220 2377 babile
239 2322 294 2375 est.
319 2317 418 2394 Atque
440 2316 570 2394 priorem
600 2316 682 2375 illam
713 2317 861 2377 rationem
883 2317 935 2394 qui
960 2317 1109 2394 sequitur,
1132 2336 1243 2394 quam·

121 2441 213 2500 quam
234 2440 251 2480 a
273 2421 414 2482 facilitate
435 2421 676 2496 commendatur,
701 2439 847 2498 magnum
870 2429 971 2481 tamen
994 2423 1162 2500 periculum
1184 2428 1241 2498 est,

122 2547 160 2587 ne
187 2546 264 2606 quae
295 2529 462 2604 fragmenta
495 2547 565 2589 eum
593 2527 749 2606 ell'ugiant.
794 2528 829 2587 ln
863 2528 917 2586 lior
937 2528 1123 2606 ‘periculum
1153 2547 1246 2607 quam

121 2633 288 2712 plurimum
309 2633 394 2693 abest
416 2640 449 2692 ut
470 2633 583 2694 incidat
605 2632 666 2707 ille,
690 2634 741 2711 qui
764 2651 871 2693 omnes
900 2634 1072 2711 scriptores,
1095 2654 1171 2714 quos
1194 2642 1245 2694 aut

122 2738 178 2798 scit
207 2745 260 2798 aut
281 2739 452 2817 suspicatur
479 2739 560 2798 illius
597 2738 720 2813 vestigia
755 2758 905 2817 premere,
938 2758 1013 2817 quos
1044 2760 1162 2818 quoipie
1184 2741 1246 2800 loco

121 2854 258 2906 auctores
288 2846 382 2905 secuti
409 2846 481 2920 sint,
513 2853 652 2906 accurate
674 2846 810 2924 inquirit.
848 2846 904 2917 Qui
929 2853 961 2905 ut
982 2845 1019 2906 alr
1041 2846 1091 2906 illo
1114 2847 1245 2926 periculo

122 2958 205 3012 tutus
219 2953 260 3012 ita
275 2952 380 3011 multis
394 2951 625 3011 difficultatibus
641 2951 788 3012 obnoxius
810 2959 873 3026 est3
898 2953 1017 3030 saepius
1032 2953 1114 3014 enim
1129 2953 1246 3030 cogitur

121 3064 173 3118 aut
194 3076 333 3118 revocare
354 3059 471 3118 animos
490 3058 656 3136 legentium
671 3060 708 3118 ad
723 3077 770 3133 ea,
788 3078 865 3136 quae
888 3065 975 3118 antea
992 3059 1170 3134 dictasunt,
1193 3067 1242 3119 aut

121 3185 266 3245 occupare
287 3185 334 3240 ea,
357 3183 435 3242 quae
465 3166 606 3243 deinceps
634 3164 770 3224 dicturus
803 3171 857 3223 est.
899 3166 1040 3224 Attamen
1064 3187 1134 3226 oum
1157 3168 1241 3243 frag·

122 3279 225 3333 menta
245 3271 415 3349 Apollodori
438 3271 619 3330 Artarniteni
648 3271 786 3346 colligere
819 3271 895 3330 mihi
923 3271 1143 3349 proposuerim,
1167 3270 1244 3328 hanc

121 3379 245 3439 alteram
267 3376 432 3454 quaerendi
455 3377 602 3434 rationem
618 3375 763 3435 adhibere
785 3377 900 3451 nralim,
922 3397 956 3435 co
973 3376 1085 3436 scilicet
1108 3376 1242 3449 consilio,

122 3501 259 3560 nequae
287 3482 421 3559 graviora
454 3503 501 3540 mc
531 3483 659 3558 fugiant.
694 3480 858 3559 Postquam
893 3490 995 3543 :rotem
1026 3484 1180 3543 absolvero
1208 3483 1244 3542 ilc

123 3587 269 3662 sontibus,
304 3606 378 3665 quos
409 3589 581 3648 adhibuerit
615 3587 722 3647 Strabo
754 3625 793 3635 -
825 3607 894 3647 nam
925 3596 1047 3668 excepto
1086 3609 1145 3648 uno
1183 3589 1245 3649 lor-,o
