2746 4808
586 310 784 368 .-21-

124 476 279 537 Strabonis
299 479 447 536 auctore.¹
482 475 566 546 Quae
596 493 782 553 quamquam
812 474 853 532 ita
875 478 957 548 sunt,
980 477 1083 531 tamen
1106 475 1243 548 apertum

124 591 180 660 est,
202 584 240 643 de
260 583 368 643 eadem
388 600 422 640 re
443 599 532 658 agere
553 587 583 641 et
604 579 782 640 Strabonem
804 586 833 639 et
854 579 1052 639 Herodotum.
1089 577 1167 635 Nam
1189 593 1243 653 pro

124 687 299 763 Massagetis
321 687 406 764 positi
429 693 501 746 sunt
518 687 611 746 Sacae
626 685 663 745 ad
680 684 789 745 Sacaea
810 682 1033 762 ,αἱτῑοὶναναῖνς6
1055 679 1241 760 explicanda.

123 794 158 853 ld
179 794 261 854 enim
283 789 414 853 maxime
437 794 553 854 videtur
569 800 717 872 spectasse
731 793 791 865 ille,
809 793 861 870 qui
879 790 1020 850 Herodoti
1037 789 1242 848 narrationem

124 899 261 958 mutarit.
284 899 366 959 Talia
389 904 491 959 autem
522 918 581 958 non
613 899 713 977 ipsum
736 897 914 956 Strabonem
941 894 1144 973 periclitatum
1167 912 1244 966 esse,

124 1011 241 1066 certum
262 1010 319 1066 est.
344 1005 492 1081 Fortasse,
517 1007 541 1064 si
564 1006 632 1065 licet
659 1005 865 1064 coniecturam
898 1004 1007 1076 lacere,
1031 1001 1104 1058 haec
1125 1017 1245 1075 quoque

123 1111 255 1170 narratio
285 1111 374 1171 fluxit
403 1131 419 1170 e
449 1111 640 1190 Theophanis
661 1109 796 1170 historia.
831 1109 936 1186 Neque
958 1107 1040 1166 enim
1063 1105 1201 1164 abhorret
1226 1122 1243 1162 e

124 1215 343 1296 probabilitate,
366 1219 591 1297 Theophanem,
622 1236 713 1296 quem
744 1217 857 1276 scimus
887 1233 957 1274 cum
979 1211 1121 1291 Pompeio
1150 1210 1243 1269 luisse

125 1321 156 1379 in
186 1321 245 1380 illis
275 1323 461 1399 regionibus
492 1328 651 1399 utramque
682 1321 863 1381 Sacaeorum
894 1316 1025 1377 nominis
1055 1316 1239 1392 interpreta-

125 1424 237 1485 tionem
260 1427 409 1486 audivisse
431 1428 508 1505 apud
533 1429 612 1506 ipsos
634 1427 782 1486 Zeleuses.

337 1585 442 1662 §oet
463 1586 491 1644 7.

205 1722 288 1791 Quae
320 1721 358 1779 de
386 1719 625 1796 Massagetarum
654 1718 789 1779 moribus
817 1719 1051 1798 proferuntur-a
1084 1718 1244 1793 Strabone,

126 1827 290 1886 inaximam
322 1828 445 1904 quidem
473 1834 589 1904 partem
620 1833 741 1906 sumpta
773 1833 844 1887 suut
873 1845 911 1886 ex
943 1825 1086 1885 Herodoti
1115 1824 1191 1883 libro
1220 1819 1244 1882 l.

127 1933 235 1991 Conler
255 1933 338 1992 enim
360 1932 539 1993 Strabonis²
562 1953 631 2012 pag.
655 1933 714 1992 465
728 1954 758 1994 v.
777 1933 836 1992 4-7
858 1952 927 1992 cum
949 1932 1062 1992 Herod.
1086 1932 1099 1990 Ι
1121 1930 1191 2007 202,
1207 1931 1245 2002 33

126 2034 185 2094 7-8
203 2061 245 2089 =
270 2036 378 2096 Herod.
404 2035 507 2112 istd,
530 2038 566 2111 li,
599 2037 678 2097 8-10
697 2061 732 2089 =
752 2038 865 2097 Herod.
888 2036 902 2096 Ι
923 2035 994 2111 sla,
1017 2035 1052 2110 l,
1085 2034 1185 2095 lll-lll
1207 2059 1248 2088 =

127 2142 238 2202 Herod.
262 2143 275 2201 l
297 2143 368 2219 alo,
391 2145 428 2217 23
451 2144 551 2203 lli-‘20
572 2170 612 2198 =
637 2145 749 2204 Herod.
774 2145 787 2203 Ι
809 2142 887 2218 tt53
910 2143 1010 2203 ‘20-22
1034 2166 1075 2198 :z
1097 2141 1210 2202 Herod.
1233 2143 1247 2204 l

126 2250 196 2326 202,
219 2249 256 2324 13
290 2251 389 2310 att-25
413 2276 454 2304 =
473 2253 586 2312 Herod.
611 2252 624 2311 I
650 2253 721 2328 ί203,
743 2252 780 2326 3;
814 2253 853 2310 25
884 2258 912 2311 et
943 2270 1010 2330 pag.
1034 2250 1094 2310 496
1116 2271 1142 2309 v.
1170 2248 1181 2306 l
1208 2271 1248 2303 =

126 2356 237 2415 Herod.
262 2357 276 2415 l
298 2357 367 2432 203,
391 2359 429 2431 23
454 2359 473 2417 ll
494 2367 523 2418 et
544 2360 617 2417 5:
633 2359 745 2419 Herod.
770 2359 783 2417 l
804 2358 875 2434 ato,
900 2359 930 2419 3.
954 2357 1032 2417 Sunt
1047 2364 1149 2416 tamen
1172 2374 1246 2415 non-

127 2461 220 2535 nulla,
244 2480 321 2539 quae
344 2469 395 2521 aut
416 2463 510 2523 aliter.
524 2470 713 2542 exponantur
734 2469 786 2523 aut
808 2483 866 2522 non
889 2464 1029 2540 legantur
1050 2464 1129 2540 apud
1152 2462 1246 2521 Hero-

125 2567 240 2627 dotum.
282 2570 357 2627 Nam
392 2588 460 2628 cum
492 2568 598 2630 Strabo
629 2571 787 2630 contendat
821 2590 917 2630 unum
950 2571 1067 2631 Oxi-
1098 2591 1167 2629 nam
1198 2570 1248 2628 hic

127 2675 235 2733 fluvius
257 2681 303 2734 est
327 2675 549 2754 intellegendus
579 2679 658 2757 apud
688 2679 874 2738 Herodotum
905 2713 945 2724 -
975 2680 1086 2738 ostium
1113 2679 1195 2738 exire
1219 2677 1249 2736 in
1323 2702 1328 2712 ·

130 2781 239 2840 sirium
261 2782 461 2860 Hyrcanium,
494 2783 611 2862 reliqua
643 2785 674 2844 in
709 2805 792 2845 mare
821 2787 1065 2864 septentrionale,
1097 2785 1247 2845 Herodoto

130 2888 242 2965 placuit
269 2886 549 2969 undequadraginta
578 2892 653 2951 ostia
685 2893 800 2952 hauriri
837 2893 1007 2971 paludibus,
1040 2912 1134 2950 unum
1164 2893 1252 2950 litari

131 2994 248 3072 Caspio,
278 2997 357 3074 quod
389 2999 509 3059 disertis
539 2999 637 3059 verbis
666 3001 799 3059 al'lirmat
828 3020 898 3059 curn
932 3001 1048 3076 reliquo
1078 2999 1155 3058 mari
1190 3018 1250 3056 nou

130 3103 300 3163 cohaerere.
333 3106 410 3164 Nam
439 3126 509 3166 curn
540 3106 711 3166 Herodotus
732 3114 813 3166 recte
841 3107 987 3167 iudicaret
1008 3107 1045 3165 de
1069 3106 1143 3164 mari
1166 3104 1248 3182 Hyr-

131 3207 226 3284 canio,
251 3211 465 3288 posterioribus
488 3211 609 3271 Graecis
632 3220 697 3290 pust
718 3213 862 3272 Patroclis
885 3213 1106 3290 navigationem
1142 3209 1250 3288 proba·

132 3319 198 3374 tum
218 3317 377 3377 videbatur
397 3336 474 3393 esse,
498 3318 684 3395 Hyrcanium
702 3338 785 3378 mare
800 3320 902 3378 sinum
924 3338 989 3378 esse
1008 3315 1251 3397 septentrionalis

132 3418 255 3482 Oceani.

210 3531 325 3591 Deinde
357 3534 465 3592 Strabo
494 3532 606 3592 recedit
632 3533 670 3592 ab
701 3531 861 3607 Herodoto,
895 3531 974 3608 quod
1005 3547 1065 3589 nou
1093 3526 1254 3606 paludibus

132 3637 247 3697 hauriri
269 3637 332 3697 vult
354 3638 468 3715 reliqua
489 3639 599 3698 Araris
620 3639 706 3714 ostia,
730 3639 781 3698 sed
804 3636 1031 3725 septentrionali
1055 3634 1142 3693 mari.
1239 3719 1242 3726 Ι

212 3743 302 3818 Tum,
327 3751 359 3802 ut.
380 3762 471 3822 supra
492 3744 636 3820 diximus
660 3744 802 3803 Herodoti
828 3741 1033 3820 descriptioni,
1065 3741 1151 3800 cuius
1180 3739 1251 3798 ordo

133 3855 268 3910 mutatus
288 3856 346 3926 est,
370 3852 515 3911 nonnulla
536 3852 637 3912 addita
658 3859 729 3912 sunt
750 3851 873 3912 aliunde
895 3857 1025 3928 sumpta.
1051 3849 1128 3908 Sunt
1150 3854 1251 3906 autem

133 3957 230 4016 haec:
255 3956 427 4040 ἀμπέχονται
449 3956 479 4017 δὲ
501 3963 558 4018 τὼν
579 3958 702 4042 δένδρων
723 3955 853 4040 plauto
871 3953 986 4014 -ottt
1008 3954 1060 4037 γάρ
1084 3951 1252 4034 βοσκήματα

133 4062 229 4145 ἔχουσι
250 4099 288 4109 -
308 4065 413 4125 πίνουσι
435 4064 465 4125 δὲ
487 4064 533 4125 τὸν
555 4065 664 4125 ἐκτῶν
686 4063 808 4146 δένδρων
831 4063 934 4144 καρπὸν
956 4059 1147 4141 ἐκθλὶβνντες,
1172 4080 1253 4138 ‚quae

140 4191 348 4199 ...m-...n-

205 4248 214 4287 ¹
236 4250 277 4304 Cf.
296 4252 429 4307 tustini
448 4258 471 4309 a

204 4339 378 4410 truseripsi
397 4341 516 4412 paginas
535 4345 563 4394 et
582 4355 678 4392 versus
698 4337 763 4391 edit.
783 4337 909 4390 Krarner.

204 4431 216 4470 ³
235 4432 316 4500 Apud
335 4429 437 4484 Herod.
457 4425 496 4480 llI
517 4424 567 4478 106
586 4422 660 4476 idem
680 4424 820 4488 narratur,
841 4421 890 4475 sed
909 4421 943 4474 de
962 4419 1045 4474 Indis.
