2746 4808
514 332 712 392 -27-

48 511 243 567 mermanno,
274 498 308 551 ut
336 491 521 570 ubicumque
564 491 672 550 Strabo
706 490 859 550 recederet
891 488 928 546 ah
959 488 1167 559 Eratosthene,

47 597 204 658 Posidonii
227 597 367 676 probaret
389 598 535 658 rationem
551 615 706 675 apparere.
731 595 797 666 Quo
812 592 1044 669 argumentandi
1061 611 1172 668 genere

49 701 139 761 nobis
174 702 230 760 hoc
259 701 322 759 loco
352 701 396 759 uti
432 706 587 778 propterea
614 700 774 773 nonlicet,
798 697 877 776 quod
900 695 1007 755 Strabo
1029 695 1060 754 in
1083 695 1172 754 briae

48 807 191 867 terminis
212 807 380 867 statuendis
409 808 557 867 consentit
587 825 656 866 cum
685 806 894 865 Eratosthene.
930 802 993 860 Hoc
1015 820 1082 860 uero
1106 819 1171 858 mo-

49 913 187 972 nendam
219 917 265 971 est
294 931 363 971 cum
396 912 561 988 Bergero,¹
584 912 747 974 nonnullas
777 911 925 987 regiones,
957 925 1031 986 qaas
1055 908 1173 964 Eratos-

50 1018 161 1076 thenes
183 1017 316 1075 voluerat
331 1015 542 1076 meridionales
564 1018 652 1077 Asiae
667 1036 744 1086 esse,
768 1037 785 1075 a
807 1015 957 1074 Strabone
979 1010 1173 1071 adnumerari

51 1121 281 1200 septentrionali
304 1122 393 1199 parti.
417 1122 488 1180 Aria
510 1122 632 1200 quidem
648 1122 684 1181 ad
705 1120 972 1200 septentrionalem
991 1117 1093 1176 hsiain
1110 1135 1176 1194 per-

51 1231 153 1289 tinere
176 1227 316 1287 Straboni
339 1229 456 1288 videtur
479 1237 646 1307 propterea,
670 1230 748 1307 quod
771 1230 801 1287 in
825 1229 898 1306 ipsis
913 1225 1003 1285 Tauri
1023 1223 1176 1282 montibus

52 1336 112 1396 sita
134 1336 213 1395 aeris
235 1342 343 1394 natura
365 1336 650 1414 septentrionalibus
674 1336 848 1412 regionibus
871 1333 999 1393 similior
1019 1340 1064 1391 est
1085 1349 1177 1408 quam

54 1443 334 1503 meridioaatihusa

138 1548 227 1607 Ariae
248 1555 350 1608 autem
372 1551 505 1625 termini,
530 1557 675 1629 utsupra
697 1552 840 1624 diximus,
858 1555 1051 1628 exponuntur
1073 1546 1176 1616 iidem,

53 1653 109 1732 qui
132 1653 170 1712 ab
192 1654 397 1714 Erstosthene.
422 1655 531 1714 Confer
552 1657 633 1714 enim
657 1656 865 1714 Eratosthenis
887 1655 924 1713 fr.
942 1653 984 1712 III
1007 1653 1031 1711 B
1052 1651 1102 1724 23,
1126 1649 1176 1708 ubi

55 1758 171 1834 legitur
187 1778 193 1816 ε
217 1757 236 1837 ἡ
259 1755 290 1817 δὲ
312 1756 471 1840 Βακτριανὴ
494 1763 531 1841 ny
553 1780 582 1819 τε
596 1759 679 1840 'Apio
693 1758 761 1841 apd:
775 1760 877 1840 ἄρκτον
890 1761 1055 1839 παράκειται
1071 1776 1094 1815 κ.
1111 1774 1134 1812 τ.
1150 1751 1178 1812 lt.

56 1863 145 1922 Idem
165 1863 275 1940 legitur
288 1865 368 1942 apud
384 1865 484 1924 Strab.
511 1867 550 1925 XI
566 1866 615 1936 ll,
633 1866 648 1924 ‘l
667 1869 700 1927 C.
717 1864 787 1926 516.
813 1866 897 1936 Quae
913 1865 1022 1924 ‹leinde
1037 1860 1178 1920 distantia

56 1968 172 2027 dicitur
193 1969 272 2028 inter
294 1969 476 2046 Hyrcaniam
500 1990 566 2030 esse
587 1979 616 2030 et
638 1972 753 2046 briain,
778 1973 854 2030 hauc
884 1988 1063 2048 persuasum
1086 1965 1181 2025 haheo

59 2079 179 2150 partem
201 2091 266 2132 esse
288 2073 368 2132 illius
390 2073 453 2133 riae
469 2075 505 2133 ab
528 2076 727 2135 Eratosthene
748 2077 926 2154 descriptae,
950 2075 987 2133 de
1008 2093 1069 2150 qua
1091 2091 1180 2150 supra

57 2176 206 2236 diximus.

143 2282 247 2341 briain
270 2290 299 2343 et
320 2285 525 2362 Drangianam
549 2287 578 2344 in
597 2306 689 2345 unam
706 2286 889 2364 provinciam
912 2285 1064 2343 redactam
1088 2282 1181 2341 luisse

59 2409 134 2448 cum
157 2390 265 2449 Strabo
289 2392 436 2469 perhibet,
462 2394 573 2453 recedit
604 2393 641 2452 ab
672 2392 834 2466 Herodoto,
857 2392 910 2470 qui
933 2392 963 2450 iu
986 2391 1087 2450 tabula
1111 2409 1181 2468 pro-

59 2494 232 2553 vinciarum
245 2514 335 2574 supra
351 2503 584 2556 commemorata
600 2498 683 2557 testis
698 2505 743 2556 est
760 2498 864 2557 briam
880 2497 1072 2555 coniunctam
1089 2495 1180 2554 luisse

58 2620 133 2659 cum
151 2602 316 2680 Parthyaea
332 2604 505 2664 Chorasmia
523 2605 681 2682 Sogdiana.
707 2607 845 2681 Drangae
861 2613 963 2663 autem
981 2603 1018 2661 ab
1034 2602 1184 2661 Herodoto

59 2705 163 2766 eidem
194 2707 434 2768 adnumerantur
466 2710 624 2787 satrapiae,
660 2711 708 2768 cui
737 2708 921 2768 Thamanaei
959 2707 1087 2781 Sagartii
1124 2705 1183 2765 Utii

61 2812 165 2889 Myces
196 2814 388 2892 insulariique
420 2817 511 2875 maris
534 2817 701 2894 Erythraei.
739 2818 801 2875 larn
834 2822 867 2875 ut
888 2815 1049 2892 scriptores
1079 2831 1183 2872 rerum

61 2919 230 2980 Alexandri
245 2921 346 2998 Magni
362 2942 584 3001 comparemus,
603 2925 749 2982 Arrianus
765 2943 814 2981 ari.
838 2923 879 2981 III
895 2921 945 2989 at,
959 2921 974 2979 ‘l
989 2921 1184 2979 Barsaenteni

61 3033 149 3084 vocat
181 3033 331 3105 satrapam
354 3028 547 3105 Drangarum
569 3036 598 3088 et
621 3029 863 3102 Arachosiorum,
887 3027 1010 3086 Curtius
1032 3025 1071 3084 VI
1093 3026 1123 3100 o,
1149 3025 1187 3082 36

61 3133 269 3208 Drangarum.
293 3134 377 3194 Idem
399 3136 578 3195 Arachosios
599 3137 636 3194 ad
659 3136 857 3195 delectionem
878 3134 1023 3193 excitasse
1046 3139 1188 3191 nanatar

61 3239 146 3316 apud
162 3241 300 3299 Curtium
312 3241 382 3300 VIII
394 3241 443 3312 l3,
456 3243 486 3301 a.
504 3243 606 3302 driam
625 3261 691 3301 vero
706 3243 798 3301 solam
817 3249 880 3301 tam
898 3241 1040 3318 temporis
1053 3240 1188 3299 effecisse

68 3348 256 3425 provinciam
279 3351 435 3427 intelleges
464 3372 480 3410 e
502 3351 708 3431 compluribus
731 3350 801 3409 locis
822 3349 943 3408 Arriani
960 3368 1009 3407 an.
1035 3346 1128 3419 1118,
1151 3347 1186 3419 43

65 3567 123 3628 Cui
157 3565 305 3642 satrapiae
334 3572 467 3642 praeerat
506 3565 723 3624 Satibarzanes.
766 3561 938 3620 alexander·
969 3566 1071 3619 autem
1108 3559 1190 3616 hunc

64 3669 271 3748 satrapiarum
293 3676 405 3728 statam
429 3669 553 3728 mutarit
583 3670 623 3727 ita
652 3669 787 3745 quidem,
811 3671 844 3724 ut
867 3665 970 3723 Arium
993 3664 1190 3740 coniungeret

64 3795 140 3836 cum
172 3774 353 3850 Drangiana.
398 3772 550 3832 Stasanori
582 3773 676 3848 enim,
710 3773 761 3849 qui
794 3769 914 3829 Arsarni
947 3775 1132 3828 successerat
1159 3767 1188 3824 in

65 3881 228 3959 satrapia,³
241 3880 355 3940 addidit.
369 3880 602 3954 Drangiaiiain.⁴
624 3880 747 3938 Curtius
762 3897 835 3938 sane
848 3876 915 3935 VIII
931 3876 961 3948 3,
974 3873 1011 3933 ¹17
1029 3874 1191 3932 memoriae

70 4034 284 4046 ..---.--...-.

145 4129 152 4167 ¹
173 4128 191 4181 I.
212 4146 233 4181 c.
255 4147 279 4197 p.
299 4130 352 4182 ato
372 4133 399 4180 at
418 4129 476 4181 2³18.

80 4217 1122 4290 ·NJmmnommmammwnunom

144 4324 276 4377 ³Arrian
305 4341 348 4375 an.
368 4322 407 4375 III
426 4325 469 4388 aa,
489 4325 518 4383 ὃς
539 4321 573 4375 IV
597 4323 636 4387 lli,
660 4323 681 4371 t.

144 4425 156 4460 4
175 4422 282 4475 arrian.
299 4438 342 4475 an.
357 4420 391 4473 IV
406 4421 444 4486 18,
461 4421 490 4485 a,
512 4419 545 4473 VI
559 4421 601 4485 27,
617 4421 639 4468 :t
656 4418 732 4471 Curt.
745 4416 804 4470 VIII
818 4418 842 4482 tl,
862 4417 898 4467 17.
917 4414 1018 4469 lustin.
1034 4411 1097 4465 XIII
1111 4414 1135 4477 4,
1150 4413 1191 4464 23.
