2746 4808
582 293 781 352 ..33-

118 456 244 515 volverit
279 475 384 532 necne,
421 455 493 514 illud
530 454 647 512 videtur
681 451 874 512 verisimilius
910 469 987 525 esse,
1025 449 1125 508 omnia
1162 447 1237 508 haec

120 562 244 620 duxisse
266 564 301 620 eir
323 581 384 620 uno
405 561 571 636 eodemque
599 559 689 617 fonte.
725 557 822 628 Quem
854 556 946 615 fuisse
977 555 1090 613 librum
1113 555 1236 614 Eratos-

120 666 221 724 thenis
243 666 287 725 vel
309 666 379 726 inde
401 671 535 743 apparet,
559 663 638 741 quod
661 662 726 722 eius
743 662 928 738 fragmento¹
953 659 1143 719 concluditur
1157 664 1238 718 totus

121 769 286 844 hiulcam,
310 770 361 846 qui
384 775 429 828 est
449 768 486 826 de
515 767 612 827 duviis
640 765 799 843 Sogdianis
828 772 856 824 et
887 765 1081 824 Bactrianis²
1124 765 1159 822 ln
1182 764 1243 822 tine

121 884 224 935 autem
264 876 443 954 paragraphi
473 876 510 933 de
542 875 739 933 schoenorum
781 873 859 932 varia
893 872 1103 948 magnitudine
1136 870 1244 930 Strabo

123 980 258 1058 disputat
280 981 343 1058 ipse
364 985 517 1058 expertus
538 1004 542 1009 -

338 1135 402 1212 pa.

207 1268 286 1327 Haec
308 1267 513 1346 paragraphus
541 1273 659 1344 praeter
686 1271 832 1339 extrema,
863 1283 940 1342 quae
969 1271 1089 1342 sumpta
1112 1271 1184 1323 sunt
1206 1283 1242 1322 ex

126 1374 334 1434 Eratosthenis
369 1373 578 1450 geographia‚³
609 1371 697 1429 duxit
729 1389 765 1428 ex
800 1370 897 1446 ipsius
933 1369 1090 1428 Strabonis
1127 1368 1247 1428 iudicio.

126 1479 232 1554 Neque
254 1485 355 1536 tamen
377 1477 504 1535 dubium
527 1483 582 1547 est,
606 1475 680 1552 quin
698 1475 729 1532 in
745 1474 901 1533 t'ormando
922 1474 978 1534 hoc
1000 1474 1111 1532 iudicio
1134 1492 1250 1532 mernor

127 1585 218 1644 fuerit
239 1603 356 1659 eorum,
380 1603 456 1661 quae
479 1585 592 1660 legerat
623 1581 702 1659 apud
733 1581 927 1639 Posidonium
960 1588 990 1638 et
1021 1580 1247 1658 Apollodorum,

125 1691 238 1768 quibus
270 1689 487 1749 recentioribus
509 1690 539 1747 in
561 1689 609 1746 his
631 1687 805 1763 regionibns
825 1686 1031 1746 describendis
1052 1686 1159 1745 nititur
1180 1705 1250 1746 auc-

127 1796 253 1855 toribus
279 1797 356 1854 Nam
378 1815 446 1855 cum
468 1795 551 1870 dicit,
575 1799 716 1875 στρατεῖαι
739 1791 762 1851 δ’
782 1791 813 1852 αὐ
834 1793 976 1872 γεγόνασιν
997 1790 1037 1851 ἐπί
1061 1789 1161 1858 αὐτοὺς
1182 1790 1249 1871 ἡμῖν

126 1901 266 1983 γνώριμα,
289 1901 365 1959 nihil
397 1900 477 1959 aliud
509 1899 656 1976 significat
679 1899 737 1956 nisi
759 1898 963 1976 expeditiones
987 1898 1018 1957 in
1048 1897 1113 1956 illas
1146 1903 1251 1973 gentes

130 2007 223 2066 factas
244 2006 343 2066 nullas
365 2006 593 2064 commemorari
609 2005 646 2065 ab
661 2005 849 2083 Apollodom,
873 2005 923 2082 qui
947 2001 1029 2072 ,τοὺς
1052 2001 1119 2086 ὑπὲρ
1146 2003 1253 2064 τούτων

131 2109 250 2178 Σκύθας
270 2109 535 2192 Ῑνα)ριμα)τέραας“4
558 2110 614 2168 sibi
637 2109 813 2168 reddiderit.

344 2265 408 2340 57.

211 2396 245 2455 In
278 2396 369 2455 totius
401 2394 492 2469 orbis,
525 2396 576 2472 qui
607 2394 726 2466 colitur,
760 2394 981 2472 computatione
1010 2401 1112 2453 utrum
1144 2393 1251 2453 Strabo

133 2503 258 2581 pendeat
275 2503 420 2562 aratione
434 2502 641 2562 Eratosthenis
655 2522 694 2561 an
709 2501 874 2577 Posidonii,
891 2501 1041 2560 difficilior
1056 2507 1101 2560 est
1120 2503 1256 2579 quaestio

131 2614 221 2684 atque
238 2627 307 2686 pars
322 2608 413 2681 illius,
431 2626 523 2684 quam
539 2625 630 2684 supra
646 2605 694 2686 (ad
712 2606 771 2682 gli,
787 2605 819 2684 l)
835 2607 968 2664 diximus
984 2607 1161 2684 ampliorem
1174 2625 1252 2682 esse,

131 2733 224 2790 quarn
247 2719 280 2772 ut
301 2714 357 2772 hoc
379 2712 441 2770 loco
461 2712 499 2770 ad
521 2711 614 2770 finem
638 2712 758 2789 perduci
782 2712 884 2790 possit.
909 2713 1024 2772 Tamen
1052 2714 1165 2791 aliquid
1188 2733 1254 2791 pro-

132 2819 252 2877 licirnus
273 2817 443 2895 Apollodori
471 2816 642 2891 testimonio
674 2817 705 2873 in
735 2818 814 2876 hanc
842 2817 1097 2894 computationem
1129 2819 1251 2877 inserto.

133 2923 219 2994 Quod
243 2921 350 2982 Strabo
380 2928 432 2981 aut
462 2923 541 2999 apud
571 2927 726 2981 auctorem
757 2922 906 2980 invenerit
931 2931 983 2981 aut
1015 2923 1078 3000 ipse
1107 2924 1256 2982 addiderit

132 3046 255 3087 necesse
276 3032 331 3086 est.
357 3025 535 3085 Strabonem
558 3033 660 3084 autem
675 3027 883 3085 Eratosthenis
899 3033 950 3085 aut
966 3026 1119 3086 Posidonii
1135 3047 1257 3106 compu-

134 3133 262 3192 tationes
282 3131 381 3209 ipsum
404 3131 582 3190 emendasse
614 3138 643 3190 et
674 3150 781 3208 parum
815 3131 968 3208 probabile
990 3139 1046 3206 est,
1078 3140 1108 3191 et
1135 3134 1259 3193 oninino

133 3237 170 3296 ab
192 3237 258 3296 eius
280 3236 496 3296 consuetudine
518 3237 663 3296 alienum.
687 3236 787 3307 Quare
808 3256 877 3294 cum
901 3236 937 3295 de
959 3237 1157 3296 Eratosthene
1178 3240 1257 3314 cogi-

133 3347 197 3399 tare
221 3360 279 3399 non
301 3339 398 3414 liceat,
424 3340 573 3416 reliquum
596 3346 652 3414 est,
678 3347 709 3399 ut
740 3339 935 3398 Posidonium
964 3359 1123 3400 sumamus
1152 3342 1257 3400 nixum

135 3448 311 3506 auctoritate
334 3447 499 3524 Apollodori
524 3446 717 3522 Artemiteni,
741 3466 832 3526 quem
854 3482 893 3490 -
908 3456 942 3506 ut
957 3467 1048 3526 supra
1071 3449 1257 3508 ostendimus

136 3587 174 3594 -
196 3551 441 3610 recentissimum
464 3551 572 3610 harum
595 3570 697 3611 rerum
719 3560 872 3611 auctorem
890 3554 1054 3630 praedicat,
1079 3553 1257 3612 emendasse

136 3675 278 3717 numeros
300 3657 518 3730 Eratosthenis,
542 3656 571 3715 id
593 3657 672 3733 quod
696 3657 782 3734 plane
803 3658 952 3716 consentit
973 3677 1043 3716 cum
1071 3677 1105 3717 ea
1129 3660 1257 3733 ratione,

136 3786 226 3843 quam
251 3765 363 3842 ubique
385 3765 579 3840 cognovimus
602 3765 788 3824 intercedere
811 3766 890 3825 inter
910 3765 1105 3824 Posidonium
1129 3772 1158 3824 et
1180 3768 1259 3842 frag·-

138 3881 238 3932 menta
259 3873 430 3950 Apollodori
452 3873 532 3949 apud
554 3870 734 3930 Strabonem
756 3882 882 3934 servata.

210 4081 217 4120 1
239 4080 321 4150 Apud
339 4080 420 4151 Berg.
441 4079 473 4134 fr.
494 4080 533 4133 III
552 4079 573 4133 B
593 4080 636 4134 69.

208 4163 279 4216 ‘zoe
299 4162 445 4232 octoginta
472 4161 529 4215 illis
549 4164 716 4232 parasangis
742 4163 775 4217 cf.
796 4163 951 4218 Neumann.
973 4164 1002 4216 in
1027 4164 1119 4218 Herm.
1140 4165 1194 4220 rol.
1218 4168 1256 4221 ts.

137 4265 164 4315 μ
186 4248 324 4400 libera
342 4329 375 4385 n.
395 4330 421 4383 11
439 4329 462 4382 a
483 4331 523 4384 11.

210 4413 333 4469 ⁴Strab.
355 4414 409 4483 12,
432 4416 443 4466 l
466 4414 493 4468 C.
519 4415 557 4468 14,
580 4413 620 4470 Cf.
640 4432 665 4482 p.
688 4416 701 4467 l
723 4432 757 4469 ss.
