2746 4808
604 328 781 384 -q-

133 491 190 548 hac
211 490 412 568 disputatione
430 497 551 551 secutus
574 493 613 551 sit
633 497 799 566 auctorem,
822 498 983 570 apparete
1006 493 1128 551 nomine
1151 493 1251 552 Celto·

134 596 318 672 scytharum,
346 597 425 674 quod
456 597 699 657 Muellenholllus
731 598 780 672 (ll.
799 597 835 656 A.
860 597 886 655 ll
904 617 932 674 p.
957 596 1016 656 tau
1040 598 1095 675 ss.)
1124 599 1254 657 ostendit

134 702 291 760 inventum
314 719 380 760 esse
400 722 416 760 a
438 702 597 761 Posidonio
619 703 747 760 Rhodio.
773 702 983 761 Praeterduos
1000 701 1155 762 Strabonis
1176 703 1254 760 locos

133 824 244 865 nomen
259 805 331 865 illud
347 807 479 866 occurrit
504 808 583 884 apud
606 807 703 867 solum
725 808 922 867 Plutarchum
939 807 988 866 vit.
1008 809 1083 869 blau.
1104 828 1169 886 cap.
1188 807 1251 883 ll,

129 898 224 989 ¹quem
263 913 361 972 locum
399 912 644 972 Muellenholtius
677 914 893 974 demonstrarit
935 915 990 992 (ib.
1015 914 1043 973 ll
1072 934 1099 992 p.
1131 914 1168 972 ct
1196 915 1254 991 ss.)

133 1019 230 1078 redire
260 1018 297 1079 ad
329 1018 524 1078 Posidonium
557 1019 720 1079 Rhodium.
755 1018 855 1089 Quare
886 1022 958 1079 satis
988 1027 1104 1080 certum
1136 1019 1253 1078 videtur

131 1143 208 1200 esse,
232 1123 408 1183 Strabonem
431 1124 463 1182 in
485 1124 679 1184 recensendis
706 1131 840 1183 veterum
874 1125 1067 1203 opinionibus
1097 1133 1252 1185 auctorem

131 1230 216 1307 sequi
238 1230 364 1292 stoicum
387 1228 473 1288 illum
496 1229 719 1306 philosophum.
756 1229 828 1288 Tota
861 1234 962 1287 autem
994 1231 1069 1289 haec
1090 1230 1251 1307 disputatio

131 1353 201 1392 cum
224 1334 369 1412 pertineat
393 1334 429 1392 ad
452 1343 623 1393 extremum
640 1341 734 1411 eaput
758 1333 805 1407 Vl,
829 1334 878 1392 illa
895 1334 991 1393 oritur
1005 1335 1152 1412 quaestio,
1177 1355 1249 1394 num

130 1439 301 1518 Apollodori
323 1458 440 1517 quoque
462 1440 575 1499 mentio
597 1440 743 1500 debeatur
763 1440 933 1501 Posidonio

210 1543 274 1602 lam
296 1561 374 1620 quae
396 1544 434 1600 sit
456 1562 560 1602 rerum
594 1544 687 1602 series
718 1544 883 1602 rideamus.
918 1545 1130 1622 Reprobantur
1160 1548 1248 1608 labu-

130 1650 208 1709 losae
244 1648 413 1726 priscorum
449 1655 619 1726 temporum
652 1650 910 1724 narratiunculae,
948 1649 1121 1726 diligentiae
1160 1660 1250 1731 atque

129 1754 198 1814 fidei
239 1753 325 1812 laude
359 1759 507 1811 ornantur
539 1754 725 1831 Apollodori,
763 1754 892 1812 recentis
923 1755 1067 1830 auctoris,
1096 1755 1247 1817 Parthica.

128 1859 234 1917 Nonne
264 1857 394 1917 eundem
424 1864 565 1935 putemus
598 1857 777 1935 vituperare,
818 1859 949 1918 eundem
979 1859 1100 1920 laudare
1111 1862 1126 1919 ⁶?
1167 1863 1249 1934 Quae

129 1961 205 2020 mihi
234 1961 357 2040 quidem
386 1967 447 2020 tam
483 1967 547 2020 arte
584 1962 724 2022 videntur
752 1964 923 2037 cohaerere,
954 1970 987 2022 ut
1009 1967 1142 2042 separari
1165 1966 1248 2026 nullo

128 2066 216 2125 modo
247 2066 373 2144 possint.
404 2065 504 2136 Quare
536 2065 706 2144 Apollodori
739 2068 925 2126 mentionem
959 2068 1058 2128 tribuo
1088 2070 1247 2129 Posidonio

128 2171 285 2231 Strabonis
306 2171 432 2230 auctori.

207 2276 292 2347 Quod
323 2274 348 2334 si
377 2281 455 2334 recte
485 2296 516 2334 se
548 2276 649 2350 habet,
679 2275 875 2353 Apollodorus
909 2277 965 2335 fuit
999 2278 1078 2337 inter
1110 2286 1247 2338 auctores

125 2381 278 2441 Posidonii
300 2400 398 2460 neque
419 2381 560 2441 abhorret
582 2402 598 2441 a
621 2380 831 2460 probabilitate
853 2381 995 2442 Straboni
1017 2383 1082 2443 eius
1104 2385 1245 2446 Parthica

125 2486 293 2550 innotuisse
315 2507 368 2565 per
389 2486 585 2547 Posidonium
616 2487 777 2546 llhodium.
811 2484 870 2545 Sed
903 2487 940 2546 de
968 2488 1025 2546 hac
1061 2508 1093 2548 re
1120 2490 1247 2566 singulis

127 2591 197 2651 loeis
219 2593 429 2670 quaerendum
451 2592 518 2652 erit.

265 2759 267 2764 ’
330 2763 556 2855 ¹Cap.7§l.v

205 2925 305 2984 Litora
328 2926 420 2984 maris
443 2925 542 3003 Caspii
569 2926 631 2983 sive
661 2925 803 3002 Hyrcanii
839 2931 902 2983 tum
926 2926 1059 3003 primum
1082 2944 1098 2985 a
1121 2926 1247 2985 Graecis

123 3031 294 3091 accuratius
315 3030 435 3108 cognita
456 3037 538 3099 sunt,
563 3037 720 3108 postquam
741 3031 893 3090 Patrocles
920 3031 1005 3090 iussu
1028 3032 1107 3108 regis
1129 3032 1245 3090 Seleuci

124 3137 273 3197 Nicatoris
304 3137 352 3210 tct'.
377 3137 499 3212 Berger,
523 3137 541 3194 l.
567 3156 594 3196 c.
618 3155 647 3215 p.
671 3136 711 3194 aa
733 3156 772 3195 ss.
817 3137 979 3197 Neumunn
1001 3137 1032 3196 in
1055 3137 1160 3195 Herm.
1189 3136 1245 3194 rol.

124 3244 194 3303 XIX
216 3264 245 3321 p.
270 3242 330 3302 184
350 3243 406 3322 ss.)
438 3243 486 3302 illa
516 3244 609 3302 classe
637 3244 720 3302 adiit.
755 3244 849 3302 Cuius
872 3243 995 3320 vestigia
1019 3250 1156 3302 secutum
1179 3261 1247 3301 osse

124 3348 354 3408 Eratosthenem
378 3349 408 3408 iu
431 3348 479 3408 illo
503 3349 578 3407 mari
605 3348 802 3407 describendo
831 3348 903 3406 satis
937 3354 1042 3406 uotum
1072 3354 1127 3405 est.
1163 3347 1246 3418 Quae

123 3472 192 3513 vero
215 3453 322 3512 Strabo
344 3459 446 3513 narrat
473 3453 607 3512 Patrocle
638 3461 759 3511 auctore
788 3452 889 3525 citato,
924 3452 1071 3528 Bergerus
1103 3471 1157 3510 suo
1179 3451 1245 3510 iure

123 3558 286 3619 vindicavit
300 3559 499 3619 Eratostheni.
524 3559 651 3632 Tamen,
677 3566 708 3617 ut
731 3559 790 3618 iam
813 3576 904 3635 supra
920 3557 1064 3631 diximus,
1082 3557 1246 3616 admodum

122 3664 250 3724 dubium
273 3670 328 3739 est,
354 3684 425 3722 num
449 3683 485 3724 ex
509 3664 603 3741 ipsius
626 3663 829 3723 Eratosthenis
853 3662 935 3722 libris
964 3683 997 3722 ea
1019 3663 1121 3721 omnia
1143 3681 1248 3740 sump-

123 3771 197 3830 serit
218 3771 419 3848 geographus.

203 3875 301 3953 Atque
322 3874 377 3932 hoc
398 3875 533 3952 quidem,
557 3895 647 3952 quem
671 3881 847 3948 tractamus,
885 3875 945 3933 loco
967 3873 1097 3951 plurima
1122 3879 1247 3950 possunt.

120 3980 157 4038 ad
183 3979 411 4038 Eratosthenem
433 3980 541 4038 redire.
568 3982 643 4039 Nam
666 4001 743 4058 quae
766 3979 873 4039 Strabo
897 3980 927 4036 in
945 3979 1037 4037 huius
1059 3978 1125 4036 libri
1143 3998 1208 4056 cap
1227 3979 1246 4035 ti

119 4083 170 4158 §l
195 4084 316 4160 exponit
338 4083 374 4142 de
395 4084 523 4143 circuitu
547 4087 638 4145 inuris
653 4088 763 4164 Caspii,
787 4086 825 4144 ab
848 4085 1053 4144 Eratosthenis
1069 4086 1245 4144 auctoritato

122 4189 253 4267 pendere
275 4189 334 4247 iam
357 4209 448 4268 supra
470 4180 610 4249 vidimus.
646 4192 745 4262 Quare
777 4191 908 4250 dubitari
943 4210 1003 4248 non
1035 4197 1141 4268 potest,
1173 4191 1245 4267 quin

127 4295 182 4353 hoc
203 4314 323 4373 quoque
345 4296 418 4369 loco,
444 4296 492 4354 ubi
515 4297 663 4374 copiosius
686 4299 790 4356 erutum
823 4304 1014 4374 repetuntur,
1043 4296 1247 4357 Eratosthenis

129 4407 271 4478 appareat
303 4401 447 4460 doctrina.
484 4404 567 4473 Quod
603 4403 745 4480 probatur
784 4404 872 4462 etiam
911 4403 1038 4477 singulis
1074 4401 1163 4460 rebus
1198 4401 1245 4458 hie
