2746 4808
609 291 807 350 ,48-

365 491 437 568 Cap.
460 489 479 547 8
499 491 513 565 g
535 489 561 548 l.

231 650 337 708 Verbis
358 669 435 726 quae
456 657 527 708 sunt
549 649 600 710 ἀπὸ
623 648 653 709 δὲ
675 657 728 732 τῆς
758 650 897 734 Υρκανίας
916 650 1068 731 θαλάττης
1088 652 1204 732 προιόντι
1224 648 1269 709 ἐπὶ

151 756 203 837 τἠν
215 755 254 816 {io
266 744 345 826 δεξιὰ
361 754 411 836 μέν
427 755 483 816 ἐστι
500 779 524 816 κ.
540 777 562 817 τ.
579 752 606 816 λ.
622 759 727 818 eadem
745 759 895 818 indicatur
910 759 967 832 via,
984 777 1060 835 quae
1074 758 1153 836 apud
1166 757 1265 816 Strab.

150 865 177 923 ll
198 864 228 940 l,
251 864 270 921 θ
292 866 325 923 C.
342 863 396 923 68:
421 863 440 944 η
463 851 572 946 ἐφεξῆς
593 865 612 945 ἡ
635 862 677 926 ἐπὶ
700 863 815 947 Βάκτρα
844 863 887 927 καὶ
916 863 980 932 τοὺς
1001 863 1128 924 ἐπέκεινα
1150 861 1269 931 Σκύθας

151 969 212 1038 ὁδὸς
234 958 313 1040 δεξιοὶ
334 970 426 1053 έχαντι
448 972 483 1030 τά
509 971 570 1054 ὄρη.
608 975 717 1032 Confer
748 975 837 1033 etiam
872 973 972 1033 Strab.
996 971 1024 1031 Il
1052 971 1082 1046 l,
1106 971 1125 1029 5
1147 971 1178 1030 C.
1202 968 1264 1028 69:

150 1079 222 1145 τίνες
244 1077 274 1138 δὲ
295 1078 318 1138 οἱ
341 1078 393 1138 ἀπὸ
411 1079 528 1158 Ἀμισοῦ
550 1078 594 1139 θνα
616 1078 740 1162 Kolpos)
762 1079 807 1140 καὶ
829 1087 881 1160 τηε
900 1079 1050 1162 Ὑρκανίας
1079 1077 1161 1160 μέχρι
1191 1075 1266 1137 Βακ-

149 1186 232 1268 :plor
265 1185 309 1246 καὶ
338 1192 393 1245 τῶν
422 1186 549 1247 ἐπέκεινα
578 1187 616 1254 εἰς
649 1187 701 1268 τὴν
729 1186 804 1269 ἑῴαν
836 1187 984 1248 θάλατταν
1011 1186 1197 1266 καθηκόντων
1224 1183 1265 1243 ἐπ’

148 1294 262 1362 εὐθείας
284 1316 313 1355 τε
336 1295 404 1356 εἶναι
424 1295 555 1375 λέγοντες
577 1295 621 1357 καὶΙ
652 1295 692 1357 έτ.
718 1297 883 1379 ἰσημερινιὶτ.
904 1296 1047 1363 ἀνατολὰς
1068 1293 1113 1355 καὶ
1133 1293 1210 1375 παραὶ
1230 1292 1266 1351 td

147 1405 199 1486 ὄρη
224 1404 253 1464 ἐν
275 1392 354 1485 δεξιᾷ
375 1404 467 1487 ἔχοντι
491 1405 578 1481 αὐτας
602 1441 641 1450 —-
663 1411 751 1464 ταῦτα
776 1406 829 1487 ηαρ
851 1405 865 1464 ο
885 1402 1097 1487 Ἐρατοσθένης
1123 1398 1265 1481 λαμβάνει

147 1518 237 1572 ,ταντα
266 1512 306 1581 di:
336 1512 381 1573 καὶ
411 1512 661 1596 ἐκμαρτυροθμενα
689 1511 737 1573 ὑπὸ
770 1519 826 1573 τῖον
852 1512 883 1572 έν
909 1518 964 1579 τοῖς
985 1513 1076 1578 τόποις
1096 1507 1262 1589 γενομένων.

146 1621 209 1678 Hoc
230 1621 323 1680 altero
345 1620 411 1678 libri
435 1621 463 1679 Il
496 1621 558 1679 loco
587 1627 711 1699 apparet
740 1622 920 1681 Strabonem
948 1621 978 1679 in
1008 1620 1063 1678 bac
1086 1618 1130 1676 ria
1151 1614 1263 1674 descri-

145 1727 243 1788 benda
265 1729 334 1787 duci
357 1729 491 1787 doctrina
519 1729 736 1804 Eratosthenis
769 1731 819 1806 qui
842 1748 858 1788 e
880 1727 1076 1806 scriptoribus
1098 1722 1262 1784 Alexandri

146 1836 245 1912 Magni
274 1856 326 1894 sua
360 1837 499 1914 sumpsit.
538 1837 711 1895 Secundum
746 1837 876 1895 eundern
911 1833 1140 1893 commemorari
1173 1830 1263 1890 Gelas

145 1944 288 2002 Cadusios
311 1945 458 2004 Amardos
479 1945 622 2021 seqnitur
637 1965 673 2002 ex
695 1945 742 2020 iis,
769 1964 846 2022 quae
867 1963 959 2022 supra
980 1942 1200 2020 disputavimus
1221 1938 1259 1998 de

145 2069 209 2127 cap.
226 2050 280 2108 VII
302 2056 315 2121 ,ξ
337 2051 352 2108 1
378 2050 511 2109 lontibus
533 2051 576 2128 (p.
590 2051 609 2109 θ
624 2051 691 2128 ss).
729 2052 819 2109 Tauri
835 2051 943 2110 deinde
961 2050 1071 2108 montis
1086 2065 1155 2124 pars
1169 2048 1261 2107 Para-

144 2157 288 2216 choadras
310 2159 477 2235 appellatur
499 2159 535 2215 ab
560 2159 756 2217 Eratosthene
778 2159 808 2217 in
833 2161 869 2216 t'r.
887 2158 929 2217 III
946 2159 969 2215 B
984 2156 1034 2233 63,
1058 2156 1109 2215 ubi
1132 2155 1259 2231 legitur:

144 2262 207 2331 τοθς
229 2262 259 2323 δὲ
282 2262 455 2331 Καδουσίους
478 2265 634 2346 cogitatas
652 2263 765 2345 Μήδιον
786 2263 831 2324 καὶ
854 2263 1010 2326 blattaria
1026 2262 1075 2323 ὑπὸ
1098 2262 1146 2338 τὸν
1160 2260 1262 2344 Παρα-

144 2369 276 2454 χοάθραν.
310 2372 403 2431 Porro
433 2372 457 2429 si
489 2394 502 2431 a
534 2372 680 2432 Strabone
713 2373 857 2432 statuitur
886 2372 1040 2448 distantia,
1074 2390 1151 2450 quae
1181 2373 1261 2430 inter

144 2477 332 2554 Hyrcanium
365 2497 447 2536 mare
479 2479 645 2538 intercedat
680 2487 709 2538 et
740 2480 958 2539 Alexandream
990 2481 1021 2538 in
1054 2480 1124 2539 Aria
1157 2479 1258 2551 sitam,

142 2583 220 2641 hanc
242 2590 357 2661 partem
381 2603 445 2643 esse
467 2586 532 2644 eius
554 2587 630 2660 viae,
654 2587 690 2644 de
705 2605 763 2662 qua
779 2606 870 2663 supra
886 2587 1029 2664 diximus,
1046 2593 1127 2645 recte
1143 2584 1261 2643 monuit

142 2690 291 2765 Bergerus
312 2692 344 2768 (l.
370 2714 396 2753 c.
420 2712 449 2769 p.
473 2692 533 2751 ‘de
554 2695 620 2770 ss).

222 2797 366 2858 Videmus
388 2800 480 2876 igitur
502 2801 666 2859 maximam
700 2802 791 2861 lituus
823 2803 1002 2880 paragraphi
1032 2806 1147 2879 partem
1168 2801 1259 2860 certis

142 2904 307 2964 rationibus
345 2907 448 2965 rel'erri
482 2927 568 2984 posse
605 2908 641 2966 ad
676 2911 916 2969 Eratosthenem.
958 2910 1011 2968 Illa
1046 2914 1147 2967 aulem
1182 2906 1257 2966 Ochi

141 3011 253 3070 mentio
275 3031 334 3071 non
358 3018 454 3089 potest
475 3033 511 3072 cx
533 3016 683 3074 sententia
712 3016 866 3094 Cyrenaici
889 3017 1057 3095 philosophi
1080 3015 1158 3074 facta
1179 3034 1256 3090 esse,

140 3136 209 3176 cunt
249 3119 438 3195 significetur
478 3121 648 3198 Apollodori
690 3122 802 3182 Ochus
851 3124 915 3182 lam
958 3142 1065 3201 parum
1105 3121 1259 3201 probabile

139 3229 196 3298 est,
219 3223 397 3284 Strabonem
422 3232 542 3304 priipter
564 3247 657 3305 planca
680 3229 730 3287 illa
753 3231 853 3305 verba,
870 3250 947 3309 quae
969 3237 1041 3290 sunl.
1062 3228 1125 3303 ,καὶ
1146 3227 1190 3290 ἐπὶ
1211 3229 1258 3289 τὸν

135 3327 239 3411 Ὦχον6
260 3320 370 3391 adiisse
392 3333 559 3410 Apollodori
583 3337 734 3411 Parthica,
768 3337 862 3397 immo
892 3340 964 3398 baec
985 3358 1038 3416 pro
1060 3345 1140 3396 certo
1161 3337 1257 3398 habeo

138 3444 328 3512 argumento,
353 3444 443 3498 totam
466 3440 544 3499 banc
560 3444 783 3520 paragraphum
805 3464 822 3503 a
843 3445 1015 3524 geographo
1028 3465 1087 3503 non
1103 3451 1256 3524 sumptam

138 3562 203 3602 esse
224 3564 261 3603 ex
286 3547 490 3606 Eratosthenis
513 3548 599 3624 libro,
632 3551 683 3609 sed
712 3551 875 3626 Posidonii,
910 3553 961 3630 qui
989 3554 1048 3612 iam
1072 3555 1256 3613 contamina·

138 3659 223 3734 verat⁸
242 3653 470 3713 Eratosthenem
492 3670 561 3714 euin
584 3657 761 3735 Apollodoro
776 3660 975 3734 Artarniten0‚
991 3680 1061 3720 cam
1077 3661 1255 3739 praesertim

138 3775 229 3836 supra
252 3759 294 3838 (p.
318 3759 371 3838 17)
392 3762 559 3840 Apollodori
591 3765 693 3824 Ochus
716 3767 747 3825 in
769 3786 833 3846 cap.
852 3767 908 3827 VII
931 3787 994 3846 par.
1018 3769 1038 3826 3
1062 3769 1148 3828 nobis
1170 3769 1254 3828 vide-

137 3872 222 3926 retur
255 3869 354 3929 allerri
383 3888 419 3929 ex
450 3871 627 3931 auctoritate
657 3871 821 3934 Posidonii.
858 3866 916 3952 (cf.
947 3896 975 3954 p.
1000 3876 1020 3934 9
1049 3883 1078 3936 et
1109 3877 1254 3938 Zimmer·

137 3991 283 4034 mannum
306 3975 336 4034 io
360 3975 491 4038 Hermae
513 3979 569 4038 vol.
595 3978 694 4038 XXIII
717 4000 745 4058 p.
769 3977 829 4039 leo
850 3981 905 4060 ss.)

347 4139 411 4213 sa.

215 4279 323 4342 Strabo
351 4303 420 4344 cum
442 4285 507 4363 12,
537 4287 552 4347 l
576 4290 611 4350 C.
635 4287 675 4349 tt
703 4309 741 4350 ex
773 4290 948 4362 auctoritate
976 4291 1127 4351 Posidonii
1159 4292 1252 4370 proli-

134 4391 233 4446 teatur
263 4407 315 4465 per
346 4389 558 4468 Apollodorum
587 4396 812 4456 Artamitenum
839 4398 1009 4458 accuratius
1030 4399 1164 4474 cognitas
1186 4417 1251 4457 esse
