2746 4808
582 299 780 360 -35-

120 476 190 516 cum
213 457 275 514 loco
296 476 365 516 cum
388 456 509 515 iunctus
531 456 567 514 sit
595 455 656 531 ille,
688 455 739 514 ubi
768 473 804 514 ex
836 453 983 513 sententia
1014 453 1165 512 Posidonii
1189 454 1240 534 (cf.
1283 464 1286 468 “

125 581 156 639 p.
175 559 206 639 9)
229 562 361 638 optimus
384 579 485 620 rerum
508 559 662 618 aParthis
683 558 906 637 exploratarum
928 565 1032 617 auctor
1053 558 1244 637 praedicatur

120 667 317 746 Apollodorus
354 667 579 741 ArtemitenuS,
625 666 762 744 sequitur
799 666 890 724 huius
933 666 1087 743 scriptoris
1120 666 1240 726 laudem

121 775 246 834 fluxisse
266 794 302 834 ex
334 774 440 834 iisdem
472 773 619 849 historiis,
652 793 712 832 non
740 792 809 834 vero
830 792 866 832 ex
892 792 927 832 eo
948 791 1049 851 opere,
1073 775 1151 852 quod
1177 781 1241 833 erat

122 881 269 958 scriptum
291 880 328 939 de
349 878 440 938 rebus
461 897 478 937 a
493 878 637 957 Pompeio
651 879 755 956 gestis
779 877 811 936 Id
828 897 901 938 sane
916 878 1166 956 perpendendum
1182 887 1239 954 est,

122 1003 237 1044 numne
267 984 347 1043 idem
375 983 457 1042 loeus
483 983 574 1043 fuerit
603 983 634 1042 in
662 1002 697 1042 ec
718 982 805 1055 libro,
829 983 881 1060 qui
902 990 967 1043 erat
988 980 1068 1065 ,περὶ
1090 981 1241 1044 ὠκεανοῦί.

122 1092 221 1170 Atque
243 1092 385 1170 profecto,
408 1097 624 1167 argumentum
645 1090 723 1168 quod
746 1091 865 1169 attinet,
898 1091 929 1149 iu
950 1091 1007 1150 hoc
1028 1109 1147 1170 quoque
1167 1091 1244 1151 libro

122 1217 212 1257 suum
244 1199 341 1258 locum
375 1197 517 1258 habebat.
554 1199 668 1275 Tamen
700 1216 769 1256 cum
800 1196 968 1275 Apollodori
1002 1200 1241 1274 fragmentorum

124 1308 211 1382 louge
232 1308 328 1367 maior
350 1325 419 1385 pars
448 1311 586 1366 versetur
614 1311 667 1364 aut
698 1306 728 1363 in
763 1304 855 1364 rebus
875 1305 967 1380 gestis
989 1305 1169 1365 enarrandis
1190 1312 1244 1365 aut

121 1421 201 1473 certe
225 1414 354 1490 singulis
383 1412 557 1491 regionibus
585 1412 692 1472 locisve
713 1411 930 1484 describendis,
963 1431 1041 1490 quae
1062 1413 1162 1472 omnia
1183 1413 1239 1474 ab·

123 1521 248 1579 horrent
269 1537 360 1596 quam
393 1518 524 1577 maxime
546 1517 584 1576 ab
613 1523 793 1595 argumento
820 1517 886 1575 eius
918 1515 998 1591 libri,
1030 1518 1082 1595 qui
1111 1524 1175 1577 erat
1205 1519 1243 1578 de

123 1625 243 1685 Oceano
264 1627 406 1704 scriptus,
427 1625 519 1684 -haud
549 1624 654 1683 dubito
675 1623 826 1683 Posidonii
849 1623 989 1684 historiis
1011 1623 1144 1684 tribuere
1165 1627 1244 1702 frag-

124 1737 224 1792 menta
247 1732 417 1811 Apollodori
440 1731 632 1792 Artamiteni.

204 1837 355 1896 Posidonii
388 1844 489 1896 autem
519 1837 672 1910 historiae,
702 1855 779 1915 quas
806 1854 897 1914 supra
938 1836 1082 1910 diximuS,
1115 1836 1246 1914 pertine·

124 1946 198 2004 liant
211 1963 308 2021 usque
322 1945 359 2004 ad
374 1963 488 2003 annrrm
507 1963 535 2003 a.
552 1943 624 2002 Chr.
648 1963 680 2003 n.
697 1942 747 2002 96.
770 1943 828 2022 (uf.
847 1942 1014 2003 Muellenh.
1030 1943 1051 2001 l.
1069 1962 1095 2001 c.
1112 1962 1143 2021 p.
1160 1942 1247 2021 153.)

124 2051 188 2109 lam
210 2069 280 2108 vero
302 2049 333 2107 in
356 2049 533 2124 fragmentis
548 2048 757 2107 Parthicarum
780 2048 895 2107 nullam
917 2067 982 2107 rem
997 2054 1062 2126 post
1078 2049 1108 2107 id
1123 2055 1244 2127 tempus

123 2161 239 2230 gestam
262 2172 420 2212 occurrere
442 2153 520 2212 iufra
542 2152 712 2212 videbimus
733 2152 785 2232 (ef.
811 2173 839 2232 p.
863 2153 926 2231 aa).

663 2391 722 2456 ΙΙΙ.

206 2582 369 2660 Postquam
391 2580 574 2641 absolvimus
604 2579 642 2638 de
668 2579 811 2657 fontibuS,
835 2580 946 2659 quibus
978 2580 1085 2641 Strabo
1113 2599 1188 2641 usus
1210 2582 1248 2642 sit

127 2689 157 2748 in
180 2687 250 2747 libri
271 2688 312 2747 XI
331 2707 397 2765 cap.
415 2685 507 2761 6-12,
530 2693 781 2764 proxumumest
801 2691 834 2744 ut
847 2705 893 2762 ea,
912 2704 991 2763 quae
1012 2685 1043 2744 in
1065 2686 1121 2745 hac
1142 2705 1249 2764 quaes-

127 2796 208 2854 tione
229 2796 434 2872 cognovimus,
458 2791 628 2872 Apollodori
652 2792 833 2851 Artamiteni
860 2795 1039 2869 fragmenta,
1070 2792 1128 2851 sub
1152 2812 1247 2852 unum

128 2905 322 2978 conspectum
345 2917 492 2977 ponamus
506 2903 596 2975 atque
618 2897 814 2956 illustremus
839 2897 995 2956 Accedunt
1014 2903 1115 2956 autem
1137 2898 1174 2956 ad
1197 2897 1247 2957 illu

129 3005 299 3081 fragmenta
330 3024 437 3080 unum,
465 3004 544 3082 quod
575 3003 685 3079 legitur
706 3003 783 3080 apud
809 3002 1013 3078 Athenaeum,
1046 3009 1075 3062 et
1101 3003 1160 3062 duo
1182 3004 1249 3063 aliis

130 3107 287 3168 Strabonis
309 3109 379 3168 locis
401 3115 528 3172 servata.
552 3108 635 3167 Haec
651 3114 752 3167 autem
776 3108 835 3167 duo
857 3108 897 3167 ita
918 3113 990 3167 sunt
1012 3115 1195 3186 comparata,
1219 3117 1252 3167 ut

133 3213 217 3274 facile
232 3222 375 3292 appareat
390 3232 424 3272 ea
441 3212 565 3291 repetita
580 3231 646 3270 esse
660 3231 696 3271 ex
712 3211 759 3287 iis,
777 3231 853 3290 quae
868 3212 928 3271 iam
951 3230 1043 3289 supra
1065 3211 1250 3288 invenimus,

133 3320 321 3396 fragmentis.
345 3320 422 3379 Nam
445 3336 522 3396 quae
550 3319 695 3396 leguntur
722 3317 893 3395 Apollodori
924 3316 1012 3376 verba
1043 3317 1122 3395 apud
1146 3315 1246 3376 Strab.

129 3425 173 3484 XI
196 3422 246 3500 13,
269 3422 288 3484 u
310 3423 342 3483 C.
366 3422 426 3482 524
447 3429 475 3483 ef
497 3423 551 3482 XV
575 3421 602 3498 l,
625 3421 644 3479 3
666 3423 699 3482 C.
716 3419 786 3497 685,
809 3421 886 3483 nihil
908 3421 1064 3482 continent
1089 3421 1146 3480 nisi
1169 3422 1249 3499 quod

130 3529 190 3588 iam
212 3536 281 3589 ante
312 3529 429 3589 dixerat
458 3527 565 3588 Strabo
587 3526 628 3587 XI
648 3527 679 3603 9,
702 3527 718 3586 1
742 3528 775 3588 C.
799 3526 859 3585 514
879 3533 908 3586 et
931 3527 971 3587 XI
992 3525 1043 3602 11,
1066 3525 1081 3584 1
1106 3526 1140 3586 C.
1163 3523 1248 3585 516.¹

211 3635 253 3694 De
276 3652 377 3694 rerum
399 3634 505 3693 ordine
527 3634 559 3692 in
574 3633 744 3712 Apollodori
768 3633 918 3693 Parthicis
932 3631 1065 3692 adhibito
1086 3630 1162 3691 nihil
1178 3632 1250 3692 certi

133 3742 280 3804 affirmari
296 3747 402 3820 potest.
426 3741 531 3818 Neque
545 3740 628 3799 enim
644 3739 696 3800 ulli
713 3742 882 3817 fragmento
904 3756 1052 3798 numerus
1073 3737 1155 3814 libri,
1171 3738 1253 3798 unde

133 3854 290 3926 sumptum
313 3848 362 3923 sit,
396 3846 564 3924 adscriptus
596 3852 641 3905 est
673 3852 792 3924 praeter
812 3863 909 3904 uuum
939 3843 1013 3902 illud
1036 3843 1253 3921 fragmentum,

136 3954 215 4033 quod
238 3953 348 4031 legitur
370 3952 448 4030 apud
468 3951 658 4010 Athenaeum
679 3950 733 4009 XV
754 3949 823 4009 682.
868 3948 955 4020 Quod
971 3949 996 4008 si
1012 3947 1158 4008 discimus
1175 3969 1259 4009 sum·

207 4150 217 4187 ¹
238 4148 380 4219 Vogelius,
395 4147 485 4216 quiin
498 4146 699 4201 dissertatione
712 4145 757 4200 cui
770 4145 931 4215 inscripsit:
950 4144 991 4198 De
1008 4142 1136 4199 fontibus
1154 4142 1257 4212 quibus

135 4233 238 4287 Strabo
259 4234 288 4286 in
308 4233 380 4287 libro
400 4233 448 4287 XV
469 4230 672 4286 conscribendo
701 4247 769 4285 usus
789 4229 827 4283 sit
845 4246 871 4298 p.
891 4229 934 4298 48,
953 4226 1159 4298 Apollodorum
1178 4228 1259 4283 Arta·

136 4317 274 4370 milenum
302 4317 355 4372 sibi
381 4316 492 4371 videtur
521 4314 738 4386 deprehendisse
763 4313 839 4383 apud
867 4311 959 4368 Strab.
985 4311 1076 4380 XV3,
1098 4312 1130 4366 12
1149 4312 1178 4367 C.
1200 4312 1260 4382 732,

134 4399 207 4454 hanc
227 4401 388 4470 opinionem
416 4417 512 4454 veram
531 4417 592 4454 esse
611 4398 697 4452 nullis
715 4397 848 4467 probavit
866 4396 1051 4468 argumentis.
