2746 4808
582 301 781 361 ..25-

123 474 214 531 quam
243 455 440 534 Apollodorus
469 455 675 531 Artaniitenus
708 456 889 534 peculiarem
911 457 948 514 de
977 455 1066 515 rebus
1094 455 1240 516 Parthicis

123 560 235 620 lihvum
257 561 435 639 composuit.
459 561 556 632 Quem
570 568 722 622 auctorem
738 560 944 639 compluribus
960 561 1031 620 locis
1047 561 1118 620 citat
1133 561 1239 621 Strabo

121 667 154 725 in
176 667 268 727 rebus
289 667 456 728 Bactrianis
477 675 506 728 et
528 669 674 728 Parthicis
697 668 889 728 narrandis.1
912 669 1016 745 Neque
1039 669 1164 727 dubium
1182 676 1237 744 est,

120 777 196 852 quin
219 777 244 835 is
263 795 383 854 quoque
404 777 497 852 locus,
520 777 557 836 de
578 796 636 855 quo
663 797 743 836 nunc
764 777 952 854 quaerimus,
975 777 1012 836 ad
1035 777 1116 836 hunc
1138 777 1238 836 redeat.

121 881 302 959 primarium
324 889 489 943 auctorem.
512 883 588 943 Nam
611 900 681 942 eum
705 882 835 953 Ochum,
866 883 952 942 cuius
982 883 1097 941 accolae
1119 883 1166 940 hic
1188 883 1237 940 di-

121 994 234 1048 cuntur
255 989 346 1049 Parni
368 989 480 1064 Dahae,
513 990 631 1049 Ochum
663 1009 753 1068 quem
776 989 851 1048 dixit
873 988 1070 1067 Apollodorus
1092 1007 1156 1047 esse
1178 987 1237 1045 iam

120 1111 213 1170 supra
234 1093 374 1152 vidimus.
411 1094 520 1154 Confer
550 1095 640 1154 etiam
671 1112 747 1171 quae
777 1093 857 1152 iilam
883 1093 1077 1171 Apollodorus
1107 1092 1145 1151 de
1175 1111 1240 1169 pro·

122 1197 229 1256 vinciis
251 1198 432 1275 quibusdam
462 1198 667 1258 Bactrianisa
696 1198 815 1257 Parthis
846 1197 996 1275 occupatis
1026 1202 1130 1256 narrat
1160 1196 1237 1274 apud

121 1303 221 1363 Strati.
245 1303 288 1362 XI
310 1300 360 1377 ll,
383 1304 402 1362 2
424 1304 457 1364 C.
480 1303 549 1362 516.

201 1410 325 1469 Curtius
346 1411 445 1469 Rufus
466 1411 505 1469 vl
525 1412 555 1484 2,
578 1409 618 1468 tt
640 1412 713 1470 haec
738 1409 843 1468 hahet:
876 1407 1004 1467 «Tanais
1027 1409 1175 1485 Europam
1209 1413 1237 1464 et

120 1515 223 1575 Asiam
243 1516 360 1575 medius
375 1515 532 1575 interfluit.
549 1516 611 1576 Nec
625 1515 781 1574 dubitatur
801 1515 875 1591 quin
888 1513 1027 1591 Scythae,
1043 1513 1095 1590 qui
1111 1512 1238 1572 Parthos

119 1621 281 1681 condidere
302 1641 362 1682 non
378 1623 550 1700 aBosporo,
573 1622 625 1681 sed
639 1640 676 1680 ex
690 1623 826 1699 Europae
846 1619 966 1696 regione
981 1618 1234 1697 penetraverint.»

120 1728 204 1797 Quae
217 1727 318 1804 opinio
332 1728 413 1786 unde
427 1735 491 1787 orta
506 1728 545 1786 sit
559 1727 643 1786 t'acile
658 1727 879 1803 intellegemus,
896 1725 919 1783 si
935 1721 1235 1789 consideraverimus,

120 1831 245 1890 comites
266 1831 441 1908 Alexandri,
471 1852 540 1891 cum
568 1832 605 1891 ad
627 1833 780 1891 Jaxartem
813 1832 974 1900 venissent,
1007 1831 1089 1888 hunc
1111 1829 1236 1888 Tanaim

120 1955 186 1997 esse
208 1937 368 2015 putavisse.
393 1938 492 2010 Quare
514 1938 662 1996 Arrianus
684 1956 733 1996 an.
758 1937 801 1996 ΙΙΙ
824 1936 864 1994 ‘28
880 1937 977 1996 Dahas
999 1953 1091 2013 prope
1111 1935 1237 1993 Tanaim

122 2047 237 2104 {lumen
259 2044 390 2103 collocat.
415 2045 520 2122 Itaque
541 2063 610 2104 cum
626 2045 736 2103 Tanais
758 2050 915 2122 putaretur
930 2043 1034 2102 Asiam
1050 2041 1182 2100 dividere
1200 2040 1238 2100 ah

121 2152 274 2229 Europa,²
306 2151 391 2210 facile
419 2151 484 2210 heri
514 2157 629 2230 poterat
659 2156 692 2210 ut
720 2151 874 2210 Daharum
904 2150 986 2226 origo
1018 2153 1171 2227 peteretur
1202 2167 1238 2206 ex

121 2258 258 2334 Europae
287 2256 418 2332 regione.
464 2257 602 2316 Fortasse
637 2257 728 2317 etiam
758 2275 868 2314 nomen
896 2253 1083 2316 Xandiomm
1116 2254 1172 2311 luit
1207 2253 1237 2312 in

120 2361 230 2419 causis
255 2361 363 2421 Strabo
390 2364 472 2422 enim
494 2364 535 2422 xl
556 2362 586 2438 8,
610 2363 629 2421 2
651 2364 683 2424 C.
707 2362 777 2421 511.
802 2397 841 2405 -
876 2361 1045 2434 Posidonio,
1082 2367 1114 2419 ut
1146 2380 1237 2439 supra

122 2466 266 2545 suspicati
288 2486 405 2540 sumus,
439 2473 560 2528 auctore
582 2502 621 2512 --
642 2469 798 2528 Daharum
820 2473 926 2544 gentes
948 2471 1108 2526 enumerat
1137 2467 1236 2542 Apar-

122 2591 177 2632 uos
199 2572 347 2632 Xanthios
368 2574 518 2632 Pissuros
554 2574 758 2634 Xanthiorum
790 2580 891 2633 autem
915 2579 944 2632 et
965 2572 1153 2632 Xandiomm
1180 2591 1235 2629 no-

123 2677 217 2751 mina,
248 2678 306 2738 nisi
336 2682 411 2739 forte
438 2680 575 2739 codicum
607 2681 795 2740 solummodo
823 2681 894 2740 vitio
926 2680 1036 2738 variata
1070 2685 1152 2746 sunt,
1187 2678 1239 2736 ad·

122 2785 248 2844 modum
270 2792 342 2845 sunt
362 2786 483 2846 similia.
521 2787 585 2847 lam
608 2807 676 2846 iero
698 2796 778 2848 recte
806 2788 900 2847 sensit
923 2787 1121 2864 ScheppiguS,
1158 2785 1241 2844 Posi·

122 2891 248 2951 denium
283 2893 343 2952 <vad
372 2895 592 2972 cognationem,
624 2915 715 2973 quam
739 2915 775 2954 ex
797 2897 933 2972 gentium
956 2899 1065 2953 natura
1087 2901 1116 2952 et
1137 2892 1237 2953 indole

123 2999 257 3077 primum
292 3002 492 3077 concluserat,
533 3004 799 3062 confirmandam»
837 3002 1031 3079 inquisivisse
1067 3001 1096 3058 in
1133 3019 1237 3059 eornm

122 3105 257 3165 nomina.
281 3107 385 3184 Neque
405 3112 507 3166 tamen
530 3108 645 3184 ignore,
681 3108 735 3166 hoc
765 3128 823 3166 non
855 3108 927 3166 satis
949 3125 1014 3164 esse
1035 3124 1153 3179 causae,
1187 3123 1241 3163 cur

122 3211 244 3271 initium
276 3214 366 3273 huius
399 3216 579 3293 paragraphi
607 3220 747 3293 putemus
770 3215 902 3292 pendere
932 3234 947 3272 a
976 3213 1144 3272 Posidonio.
1181 3211 1239 3270 Sed

122 3320 270 3379 accedunt
290 3321 359 3396 alia,
383 3322 492 3400 quibus
514 3321 692 3382 Posidonius
713 3329 817 3381 auctor
836 3323 997 3382 indicetur.
1033 3322 1109 3379 Nam
1133 3319 1240 3379 Strabo

124 3434 283 3505 postquam
314 3448 349 3488 ex
372 3430 568 3489 antecedente
595 3431 794 3508 paragrapho,
825 3431 875 3489 uhi
909 3430 1079 3507 Apollodori
1112 3427 1242 3486 vidimus

123 3536 247 3614 vestigia
262 3556 416 3614 apparere,
435 3539 573 3615 repetivit
584 3537 754 3616 Scythicam
767 3539 886 3598 Arsacis
902 3538 1060 3614 originem,
1080 3536 1241 3597 memoriae

94 3685 97 3689 ⁴
122 3644 226 3720 tradit,
259 3645 332 3705 alios
354 3646 549 3705 Bactrianum
571 3646 682 3705 dixisse
703 3648 843 3706 Arsacem
865 3647 917 3723 qui
947 3655 1030 3715 metu
1059 3645 1139 3722 regis
1168 3644 1241 3704 Dio-

123 3753 184 3812 doti
208 3752 335 3831 patriam
359 3753 539 3831 reliquisset.
578 3753 632 3812 His
662 3754 772 3824 similia
803 3761 906 3813 narrat
936 3754 1036 3813 lustin
1059 3753 1136 3811 XLI.
1160 3753 1190 3828 d,
1224 3752 1243 3810 8

124 3859 227 3938 paucis
248 3878 320 3918 sane
343 3860 441 3919 verbis
462 3865 552 3938 atque
574 3861 610 3918 iis
626 3860 780 3920 obscuris:
808 3860 979 3938 v(Arsaces)
995 3859 1142 3934 grandem
1159 3878 1241 3918 exer·

123 4023 335 4031 *φα-...-

198 4141 264 4193 lXI
283 4141 308 4208 9,
336 4143 349 4193 1
377 4140 406 4195 C.
427 4141 493 4203 5143
525 4141 564 4207 13,
590 4140 653 4194 cc.
681 4140 747 4206 5243
778 4141 816 4205 11,
848 4139 911 4193 1c.
931 4138 982 4191 516
1002 4155 1038 4192 ss.
1067 4139 1114 4194 XV
1136 4142 1156 4206 1,
1177 4139 1193 4190 3
1214 4139 1243 4192 C.

123 4223 335 4362 685ii'ifflhirrian.
357 4326 398 4362 an.
420 4309 458 4363 III
477 4311 502 4376 a,
522 4310 563 4376 30,
584 4312 607 4362 8.
629 4309 705 4363 Cart..
727 4307 787 4360 Rus.
808 4307 856 4360 vlt
876 4308 899 4373 ἵ,
919 4309 935 4360 2
955 4263 1006 4361 ss.¹
1023 4306 1137 4360 Diodor.
1158 4305 1245 4361 Sicul.

124 4387 1244 4460 Iao.sarab.14,vc.6a;114,vc.1aa;a‚aoc.1ac;xtaacaua.
