2746 4808
584 376 783 434 ..45-

205 533 247 590 De
277 533 430 608 Margiana
464 533 583 608 regione
613 533 728 592 vitifera
759 535 837 592 conl.
871 531 949 590 Plin.
983 551 1013 590 n.
1049 531 1078 588 11.
1104 529 1143 590 Vl
1176 529 1237 588 AG:

123 637 293 715 «Sequitur
314 639 395 716 regio
418 637 573 714 Margiane
595 638 758 716 apricitatis
780 637 922 711 inclutae,
947 638 1008 695 sola
1030 637 1060 695 in
1090 654 1124 695 eo
1145 642 1243 695 tractu

122 743 273 804 vitifera.»
309 745 351 802 lle
382 745 437 802 hac
463 745 586 818 regione
616 744 773 803 Gulschm.
805 745 824 802 Ι.
849 763 874 802 3.
900 763 928 821 p.
953 743 988 801 71
1025 744 1241 820 interpretatus

121 857 170 908 est
201 849 248 908 illa
277 849 378 924 verba,
412 867 490 926 quae
522 849 665 921 leguntur
696 849 785 906 inlr.
810 847 845 906 A:
883 847 1033 930 ἀφείλοντο
1060 845 1090 906 δὲ
1118 846 1163 906 καὶ
1193 854 1246 928 τῆς

123 953 305 1034 Βακτριανῆς
347 950 431 1033 μέρος
475 949 638 1032 βιασάμενον.
672 950 735 1020 τοὺς
771 951 896 1021 Σκύθας.
954 955 1105 1014 Lassenus
1140 959 1244 1012 contra

122 1059 143 1118 l.
169 1077 195 1117 c.
220 1058 331 1136 11111
365 1057 501 1116 Turiuan
535 1063 564 1116 et
586 1059 709 1136 Aspioni
743 1059 899 1136 satrapias,
931 1078 1008 1136 quae
1038 1059 1182 1117 dicuntur
1213 1059 1246 1119 in

122 1167 162 1224 fr.
186 1163 230 1237 9.,
253 1164 423 1241 suspicatus
458 1172 522 1222 erat
557 1165 740 1240 Margianam
777 1165 871 1224 inisse
906 1171 935 1224 et
967 1166 1081 1224 Ariam.
1122 1166 1243 1225 Rectius

122 1270 316 1330 Gutschmid.
341 1270 361 1328 l.
386 1290 412 1328 c.
436 1269 475 1327 [19
496 1270 609 1329 iudicat
632 1272 707 1331 duas
728 1273 793 1331 illas
815 1273 961 1350 satrapias
983 1273 1117 1331 effecisse
1139 1272 1244 1331 Ariam

122 1375 236 1434 solam.¹
277 1376 399 1434 Accedit
429 1375 466 1433 ad
500 1384 679 1452 argumenta
710 1397 726 1436 a
758 1377 968 1436 Gutschmidio
1000 1378 1124 1454 prolata,
1166 1379 1245 1456 quod

123 1481 230 1540 Ariam
264 1480 321 1539 sub
352 1481 477 1557 imperio
509 1481 689 1541 Parthorum
722 1482 849 1542 divisam
880 1483 973 1542 fuisse
1005 1484 1035 1540 in
1068 1483 1143 1541 duas
1173 1503 1243 1562 pro-

125 1586 241 1645 vincias
263 1587 348 1644 testis
374 1594 419 1644 est
441 1585 548 1646 Isidor.
573 1587 698 1647 Charac.
723 1586 742 1645 8
764 1589 810 1646 ed.
836 1588 932 1646 Huds,

657 1812 711 1876 IV.

293 1973 343 2034 DE
367 1973 620 2035 APOLLODORI
642 1975 889 2038 AllTAMITENl
914 1980 1076 2039 AETATE.

206 2127 249 2184 lle
279 2128 448 2207 Apollodori
478 2132 536 2190 vita
560 2132 635 2190 nihil
667 2133 752 2191 nohis
781 2134 925 2193 traditum
958 2141 1003 2194 est
1033 2141 1243 2214 praeterquam

122 2244 205 2320 quod
228 2250 257 2302 et
278 2262 294 2301 a
316 2242 462 2303 Strabone
490 2247 519 2299 et
541 2241 578 2298 ah
601 2242 754 2299 Athenaeo
777 2242 889 2300 dicitur
909 2242 1128 2302 Artemitenus.
1162 2245 1248 2303 Arta·

123 2349 202 2407 mita
223 2357 325 2408 autem
347 2349 420 2408 urhs
443 2348 625 2407 Parthorum
642 2355 704 2406 erat
719 2347 924 2406 memorabilis
939 2346 1059 2424 (Strabo
1077 2349 1145 2408 XVI
1160 2349 1190 2426 1,
1210 2349 1248 2407 17

124 2455 161 2513 C.
178 2453 259 2533 741),
282 2473 359 2532 quae
380 2460 456 2514 teste
478 2454 624 2512 Strabone
646 2475 662 2512 a
684 2453 818 2512 Seleucia
840 2454 944 2512 aberat
965 2456 1129 2531 quingenta
1153 2457 1249 2515 stadia

124 2567 192 2634 ant,
224 2568 257 2619 ut
280 2561 394 2620 Isidoro
428 2561 601 2620 Characeno
638 2561 732 2637 placet
762 2560 804 2638 (p.
834 2560 853 2616 5
882 2561 928 2619 ed.
962 2561 1075 2639 Hnds.)
1104 2564 1250 2622 schoenos

120 2667 309 2743 quindecim,
342 2668 452 2745 quihus
483 2667 577 2726 stadia
609 2668 782 2725 alliciuntur
813 2668 891 2725 circa
913 2667 1136 2745 quadringenta
1160 2670 1249 2747 quin·

120 2774 281 2850 quaginta,
304 2775 340 2832 alr
364 2755 512 2851 Hyrcania
536 2794 604 2833 rero
625 2782 655 2832 el
676 2774 745 2833 sinu
760 2775 881 2833 Persico
898 2781 972 2834 teste
990 2775 1053 2853 ipso
1069 2775 1248 2853 Apollodoro

122 2879 177 2957 (fr.
201 2879 253 2956 11)
275 2881 439 2941 stadiorum
462 2889 567 2941 octona
590 2873 683 2941 milia.
708 2883 766 2940 Per
788 2880 919 2940 mediam
941 2882 1061 2957 urhem,
1094 2901 1172 2960 quae
1197 2884 1251 2942 lsi·

125 2987 193 3045 dori
216 2994 312 3048 aelate
328 2988 536 3066 appellabatur
552 2988 694 3048 Chalasar
709 2989 792 3067 (lsid.
806 2988 895 3047 Char.
914 3008 941 3067 p.
960 2988 979 3045 5
995 2989 1118 3066 Hnds.),
1136 2991 1251 3050 iluehat

127 3090 203 3150 Silla
225 3091 344 3152 fluvius,

169 3196 234 3267 Qua
256 3203 351 3257 aetate
374 3199 464 3257 inerit
485 3176 694 3276 Apollodorus
717 3219 786 3259 cum
810 3201 891 3259 nullo
914 3207 1048 3259 veterum
1076 3200 1249 3261 testimonio

125 3308 255 3376 constet,
277 3321 400 3363 necesse
421 3309 467 3361 esl.
489 3310 521 3361 ut.
542 3321 579 3362 ex
600 3305 666 3362 eius
688 3304 866 3380 fragmentis
895 3311 1117 3384 computemus.
1153 3308 1251 3384 Atque

127 3405 227 3465 Clinto
248 3407 371 3483 quidem
393 3408 424 3465 in
449 3408 515 3466 1331.
541 3408 619 3468 Hell.
645 3427 671 3468 r.
695 3408 738 3467 ΙΙΙ
768 3428 796 3486 p.
820 3408 879 3466 1157
901 3410 1019 3486 collegit
1052 3429 1088 3469 ex
1110 3430 1144 3470 eo
1167 3413 1249 3488 frag-

128 3519 242 3586 mento,
266 3513 346 3589 quod
368 3520 464 3573 exstat
486 3515 563 3591 apud
588 3514 687 3575 Strah.
705 3516 758 3574 XV
773 3515 804 3590 1,
822 3513 841 3573 3
856 3515 888 3574 C.
903 3514 962 3574 685
985 3515 1094 3594 (11.1),
1112 3518 1250 3578 floruisse

127 3637 201 3677 eum
224 3624 339 3695 posta.
363 3637 389 3676 a.
414 3618 486 3678 Chr.
512 3640 541 3678 n.
565 3618 635 3694 1311,
658 3626 688 3678 31
709 3620 777 3678 Car.
804 3620 965 3680 Muellerus
995 3622 1058 3698 (Fr.
1088 3621 1165 3681 Hist.
1195 3622 1249 3685 Gr.

131 3745 158 3782 v.
177 3723 216 3782 lV
232 3744 260 3801 p.
276 3723 336 3782 309
348 3725 404 3800 ss.)
421 3725 487 3783 eius
509 3732 638 3785 aetatem
661 3728 802 3786 terminat
825 3747 904 3787 anno
926 3748 953 3790 a.
978 3729 1049 3790 Chr.
1075 3749 1107 3789 n.
1138 3725 1198 3786 luo
1220 3737 1249 3788 31

129 3849 164 3888 eo
186 3849 277 3904 anno,
306 3850 365 3908 quo
392 3831 497 3889 Strabo
525 3833 736 3910 conscripserit
763 3835 989 3912 geographiam.
1024 3834 1082 3894 Sed
1114 3854 1183 3893 cnm
1220 3842 1248 3893 31

130 3933 229 3992 Clinto
251 3941 280 3993 el
301 3935 464 3996 Muellerus
487 3938 566 3996 hand
595 3944 675 3996 recte
697 3939 896 3999 indicaverint
928 3941 965 3999 de
987 3939 1166 4000 Encratidae
1200 3959 1248 4000 ae-

130 4045 203 4114 tate,
227 4041 307 4099 unde
330 4043 451 4119 proiecti
474 4046 598 4103 suntin
621 4044 793 4104 definienda
815 4045 984 4123 Apollodori
1007 4045 1076 4120 vita,
1100 4051 1161 4104 tota
1177 4045 1251 4104 haec

132 4146 267 4221 quaestio
295 4147 394 4205 denuo
426 4148 609 4208 instituenda
642 4157 697 4208 est.
738 4149 949 4209 Gntschmidio
977 4151 1100 4228 quidem
1131 4156 1253 4209 auctore

132 4250 291 4310 Eucratida
324 4253 500 4313 interfectus
531 4263 577 4314 est
606 4256 683 4314 circa
705 4275 732 4315 a.
757 4275 784 4314 a.
815 4256 887 4315 Chr.
921 4255 1045 4315 11155.
1084 4255 1185 4327 Quare
1214 4273 1251 4315 ex

133 4355 311 4415 Eucralidae
334 4358 486 4417 mentione
501 4359 529 4418 id
546 4361 733 4418 solummodo
746 4359 923 4418 concludere
941 4360 1019 4435 lieet,
1037 4361 1250 4439 Apollodorum

135 4461 291 4539 scripsisse
324 4470 389 4538 post
420 4465 642 4526 huncannnm.
668 4465 724 4524 Sed
760 4466 791 4524 in
813 4465 992 4535 fragmentis
1012 4467 1072 4524 alia
1091 4473 1262 4524 1111111111
