2746 4808
518 316 716 377 ..29-

50 479 86 538 C.
105 478 177 538 546.
201 478 259 538 Ubi
282 497 350 536 cum
373 477 480 536 iisdem
503 479 565 537 fere
580 476 679 536 verbis
693 472 1075 554 praedicaturBaetrianae
1092 470 1174 530 ferti-

49 585 135 659 litas
159 585 242 643 brevi
265 590 330 662 post
363 583 435 642 haec
467 583 626 658 leguntur:
661 578 725 640 καθ’
748 578 814 638 ὅλου
838 576 868 638 δέ
890 598 976 659 φησιν
997 575 1102 642 ἐκεῖνος
1123 580 1176 655 τῆς

50 692 208 770 συμπάσης
226 687 362 770 Ἀριανῆς
381 689 536 770 πρόσχημα
557 685 625 747 εἶναι
646 685 699 767 τὴν
720 682 917 766 Βακτριανὴν;
941 682 1047 750 ἐκεῖνος
1074 688 1174 741 autem

51 802 102 856 est
124 794 323 872 Apollodorus
344 795 567 853 Artamitenus.
591 794 655 852 Iam
677 792 771 870 igitur
792 790 920 850 dubium
944 807 1004 847 non
1026 794 1071 846 est
1092 806 1174 862 eum,
1244 864 1246 870 Ι

51 917 148 977 quem
171 916 262 977 supra
284 899 494 976 excripsimuS,
525 898 623 956 locum
654 895 867 956 vindicandum
899 912 964 954 esse
986 893 1174 972 Apollodoro.

50 1003 161 1081 ltaque
183 1004 213 1062 in
236 1003 303 1061 libr.
329 1003 369 1061 Xl
391 1022 456 1081 cap.
480 1001 519 1060 lO
547 1001 743 1080 Apollodorea
775 1002 889 1060 inserta
916 1005 988 1058 sunt
1019 999 1066 1074 iis,
1100 1015 1177 1075 quae

52 1109 197 1169 videntur
228 1109 264 1167 ad
296 1108 488 1167 Posidonium
520 1107 673 1166 Rhodium
694 1105 804 1165 redire.
836 1104 935 1176 Quare
957 1105 1031 1164 haec
1059 1121 1178 1180 quoque

53 1216 228 1292 fragmenta
256 1213 431 1291 putabimus
462 1232 478 1271 a
509 1212 655 1271 Strabone
689 1211 811 1270 inventa
841 1229 906 1268 esse
937 1209 1016 1287 apud
1049 1208 1177 1268 stoicum

52 1319 143 1378 illum
165 1319 388 1397 philosophum.

272 1434 343 1542 cap.
366 1463 417 1539 n,
439 1463 455 1522 r
480 1471 510 1524 a
530 1465 558 1523 a

136 1580 328 1640 Bactrianam
350 1582 456 1641 iisdem
479 1567 617 1641 torminis
639 1582 760 1643 inclusit
781 1581 899 1658 Strabo,
928 1581 1040 1660 quihus
1061 1580 1179 1639 Eratos-

53 1685 177 1760 thenes,
209 1683 239 1742 id
268 1684 345 1762 quod
370 1685 454 1744 facile
476 1685 632 1760 intelleges
653 1685 758 1744 collato
780 1685 987 1745 Eratosthenis
1010 1686 1179 1761 fragmento

53 1789 100 1849 III
124 1788 220 1848 1323.

139 1896 233 1956 Cuius
255 1898 384 1973 regionis
406 1897 514 1958 deinde
536 1899 722 1959 fertilitatem
755 1893 921 1978 praedicari
945 1917 981 1958 ex
1004 1896 1180 1958 auctoritate

53 2001 230 2080 Apollodori
244 2002 425 2061 Artamiteni
448 2007 477 2062 et
499 2022 589 2081 supra
611 2004 741 2063 vidimus
762 2011 792 2064 et
807 2004 864 2063 alia
879 2023 915 2062 ex
930 2021 1021 2062 causa
1036 2006 1177 2080 apparet;

56 2125 133 2166 nam
165 2108 190 2166 si
223 2108 331 2169 Strabo
362 2107 574 2186 Apollodorum
611 2114 733 2168 secutus
764 2115 1014 2185 argumentatur,
1059 2106 1181 2166 Graecis

55 2212 131 2287 illis,
155 2213 205 2289 qui
227 2213 391 2272 defecerint
413 2232 429 2271 a
452 2211 675 2274 Seleucidarum
698 2215 825 2292 imperio
846 2221 936 2292 atque
957 2215 988 2273 in
1012 2213 1181 2273 libertatem

54 2316 242 2376 vindicarint
278 2318 484 2393 Bactrianam,
517 2319 677 2396 contigisse
716 2327 750 2379 ut
778 2326 896 2380 tantum
933 2319 989 2377 sibi
1020 2317 1181 2396 imperium

55 2428 215 2502 pararent,
238 2429 359 2502 propter
373 2424 557 2483 fertilitatem
575 2425 717 2502 regionis
741 2426 871 2487 dubitari
895 2444 954 2484 uon
978 2429 1086 2502 potest,
1109 2423 1182 2502 quin

55 2527 161 2588 eidem
176 2528 353 2605 Apollodoro
369 2530 536 2589 debeantur
550 2549 596 2606 ea,
620 2549 697 2607 quae
718 2535 806 2590 antea
828 2531 865 2589 de
878 2530 1036 2589 Bactriana
1060 2531 1182 2605 frugum

55 2633 153 2693 feraci
182 2633 259 2693 dicta
281 2640 363 2693 sunt.
388 2634 557 2712 Apollodori
579 2635 738 2712 igiturest
760 2642 821 2695 tota
843 2636 1050 2714 paragraphus
1065 2640 1184 2712 praeter

57 2757 108 2814 ea,
135 2757 211 2816 quae
233 2759 324 2817 supra
346 2739 478 2799 diximus
499 2761 515 2800 a
538 2742 652 2800 ratione
675 2742 881 2803 Eratosthenis
903 2742 1044 2820 pendere.

146 2847 245 2924 Atque
266 2847 392 2908 alteram
415 2850 651 2928 paragraphum,
675 2869 734 2928 qua
756 2850 921 2910 absolvitur
943 2850 980 2909 de
997 2850 1182 2911 Graecorum

56 2953 184 3012 illorum
207 2972 313 3029 regum
328 2955 493 3032 opulentia,
516 2955 615 3014 eidem
628 2962 751 3034 apparet
766 2955 880 3015 auctori
896 2956 1089 3016 tribuendam
1105 2975 1182 3033 esse,

57 3064 275 3136 praeterquam
308 3059 388 3135 quod
410 3059 628 3136 Sogdianorum
651 3061 940 3140 Bactrianorumque
962 3063 1113 3122 terminus
1134 3082 1185 3141 po·

56 3166 148 3225 nitur
167 3165 261 3240 OxuS,
285 3165 462 3242 Sogdiorum
485 3174 513 3226 et
535 3186 676 3243 vagarum
700 3169 836 3243 gentium
858 3169 994 3228 laxartes
1016 3169 1184 3228 secundum

59 3273 309 3333 Eratosthenem.
333 3273 455 3350 (Confer
476 3274 558 3331 enim
581 3273 733 3333 Eratosth.
758 3274 795 3334 fr.
819 3274 862 3332 ΠΙ
885 3273 949 3352 63.)

147 3377 263 3456 Itaque,
288 3385 321 3437 ut
342 3378 408 3437 aliis
428 3379 500 3438 locis
523 3379 715 3457 Apollodorea
738 3398 808 3438 oum
830 3379 963 3438 doctrina
980 3379 1131 3439 Posidonii
1153 3379 1185 3440 in

59 3503 163 3544 unum
186 3503 295 3561 corpus
316 3486 537 3559 confessisunt,
571 3485 611 3544 ita
633 3484 773 3543 hocloco
797 3485 983 3544 circumdata
1004 3493 1076 3545 sunt
1098 3486 1181 3561 frag-

59 3591 178 3652 mentis
199 3592 416 3664 Eratosthenis,
449 3598 538 3670 atque
570 3597 604 3650 ut
632 3591 692 3651 illis
722 3591 792 3650 loris
822 3591 992 3670 Apollodori
1015 3593 1185 3671 fragmenta

60 3697 210 3776 suspicati
241 3716 348 3757 sumus
370 3698 528 3757 Posidonio
550 3698 663 3774 deberi,
695 3697 775 3757 idem
805 3699 860 3758 hoc
891 3696 954 3757 loco
976 3698 1184 3774 statuerimuS,

61 3805 107 3864 ita
140 3810 242 3864 tamen
264 3812 379 3865 utnon
408 3804 504 3866 solum
528 3805 698 3882 Apollodori
729 3821 835 3865 rerum
868 3806 960 3865 etiam
982 3806 1188 3866 Eratosthenis

61 3911 236 3987 fragmenta
259 3929 274 3968 e
296 3910 446 3970 Posidonii
468 3909 553 3968 libris
575 3911 682 3969 hausta
705 3929 771 3971 esse
793 3930 961 3971 sumamus.
987 3911 1031 3971 Cf.
1049 3930 1078 3990 p.
1096 3909 1145 3970 18.

272 4064 426 4141 §aeia

64 4265 68 4271 ,
151 4199 218 4258 Car.
244 4197 408 4259 Muellerus
430 4204 460 4255 et
475 4197 608 4274 Geyerus
630 4204 721 4257 totam
738 4199 963 4276 paragraphum
978 4198 1022 4258 ΠΙ
1037 4198 1190 4259 vindicant

64 4305 240 4368 Onesicrito
260 4311 350 4382 atque
370 4304 505 4381 Geyerus
526 4303 648 4381 quidem
671 4304 696 4362 ei
720 4303 881 4363 Onesicriti
902 4305 1190 4365 commentariorum

64 4412 160 4493 parti,
178 4430 255 4490 quae
270 4409 420 4492 ,ἐγκώμιον
433 4395 641 4492 ’Ale'ioiabpou‘
656 4410 800 4488 inscripta
816 4416 888 4468 erat.
906 4410 1011 4488 Neque
1024 4411 1191 4488 quidquam
