2746 4808
583 317 781 376 ...19-

122 485 226 554 gentes
248 478 462 556 Scytharum,1
496 479 548 556 qui
570 479 649 538 ultra
671 479 825 557 Hyrcanos
847 485 876 538 et
899 478 1073 537 Bactrianos
1094 477 1239 553 incolant,

122 591 202 645 certe
224 585 459 662 exspectandum
481 591 537 661 est,
561 586 592 644 iu
615 605 720 645 earum
742 585 942 663 descriptione
958 584 1083 661 vestigia
1096 603 1241 662 apparere

122 690 302 768 Apollodori.
340 692 439 769 Atque
475 692 606 768 profecto
638 693 670 750 in
706 691 888 750 definiendis
926 689 1048 750 sedibus
1087 690 1243 749 Daharum

121 794 276 855 Strabonis
309 797 488 874 primarium
518 802 672 856 auctorem
704 815 769 855 esse
801 796 1012 856 Parthinorum
1034 795 1120 855 illum
1142 796 1239 874 scrip-

120 908 216 959 torem
238 918 330 978 supra
351 901 517 962 vidimus.²
548 901 648 973 Quare
680 919 718 960 ne
739 903 797 960 hoc
817 901 940 978 quidem
961 919 1052 978 quem
1074 906 1240 960 tractamus

122 1007 185 1065 loco
213 1008 283 1067 licet
314 1008 351 1067 de
384 1008 441 1067 alio
470 1015 590 1068 auctore
619 1007 761 1084 cogitare.
798 1006 912 1066 Mirum
944 1006 1026 1066 enim
1047 1013 1126 1067 esset
1148 1025 1240 1084 quam

122 1113 265 1188 maxime,
289 1114 314 1172 si
335 1113 414 1172 idem
444 1113 563 1189 Strabo,
593 1113 645 1192 qui
675 1114 769 1173 dixit:
804 1111 1028 1192 (Apollodorus)
1063 1108 1145 1185 ,τοὺς
1173 1109 1241 1194 ὑπὲρ

121 1218 237 1287 τούτους
262 1217 381 1287 Σκύθας
408 1220 641 1303 γνωριμωτέρους
667 1219 735 1302 ἡμῖν
762 1218 893 1301 ἐποίησεν
902 1225 920 1293 ⁶,
949 1227 1064 1294 tamen,
1086 1239 1155 1279 cum
1178 1219 1244 1278 illos

121 1324 314 1402 describeret,
349 1326 405 1385 alio
434 1346 507 1386 usus
529 1334 609 1387 esset
630 1335 751 1387 auctore
772 1327 839 1387 nise
862 1331 935 1386 t'orte
957 1344 1003 1401 ec,
1027 1344 1119 1404 quem
1140 1326 1242 1404 ipsum

114 1431 254 1506 pendere
276 1432 364 1492 sciret
385 1433 424 1492 ab
445 1434 645 1493 Artemiteno.
681 1432 781 1504 Quare
806 1452 866 1492 non
888 1432 993 1492 dubito
1015 1432 1137 1492 initium
1160 1449 1246 1509 para·

122 1538 230 1616 graphi
262 1537 281 1596 Ω
316 1557 412 1617 usque
444 1540 482 1599 ad
515 1541 624 1615 verba,
666 1558 743 1618 quae
777 1546 849 1599 sunt
881 1532 924 1598 ἐπὶ
955 1537 985 1598 τὸ
1015 1535 1088 1599 πολὺ
1124 1535 1245 1618 νομάδες

124 1641 293 1720 Apollodori
322 1643 472 1704 Parthicis
504 1644 668 1720 vindicare,
698 1645 739 1703 ita
772 1650 885 1719 tamen,
919 1649 953 1702 ut
973 1642 1053 1703 infra
1074 1643 1241 1718 videamus,

124 1766 198 1806 num
235 1748 291 1807 hoc
320 1768 440 1828 quoque
471 1752 532 1810 loco
560 1750 755 1829 Apollodorea
785 1756 923 1810 mutuata
951 1751 1013 1809 sint
1033 1768 1050 1808 a
1071 1749 1240 1808 Posidonio.

123 1851 201 1911 Tum
223 1853 261 1913 de
282 1853 462 1932 Scytharum
483 1856 637 1934 gentihus,
659 1875 737 1934 quae
758 1854 887 1916 Graecos
906 1854 1088 1934 expulerunt
1110 1873 1127 1912 e
1151 1872 1243 1931 regno

125 1959 293 2037 Bactriano,
315 1963 422 2022 eadem
444 1964 506 2022 fere
526 1969 616 2040 atque
638 1962 745 2022 Strabo
765 1961 926 2022 tradidisse
947 1961 1110 2039 Pompeius
1128 1960 1246 2038 Trogus

127 2066 254 2128 videtur.
298 2070 441 2147 Legimus
476 2070 560 2130 enim
592 2070 625 2130 in
658 2071 779 2148 prologo
817 2070 889 2129 hist.
921 2068 1000 2128 Phil.
1035 2067 1121 2128 XLI:
1163 2087 1247 2146 «quo

124 2182 272 2253 regnante
294 2175 451 2253 Scythicae
472 2183 578 2254 gentes
597 2175 746 2236 Saraucae
767 2182 797 2236 et
810 2176 915 2236 Asiani
937 2175 1045 2234 Bactra
1066 2193 1247 2254 occupavere

124 2286 155 2338 et
191 2279 384 2358 Sogdianos»
418 2289 508 2358 atque
537 2281 569 2341 in
607 2279 727 2358 prologo
756 2278 857 2340 XLII:
898 2298 1009 2356 «reges
1040 2279 1245 2338 Tocharorum

126 2385 232 2446 Asiani
264 2387 467 2464 interitusque
501 2386 742 2447 Saraucarum).
785 2386 899 2446 Eodem
930 2394 1095 2464 utrumque
1125 2392 1246 2445 auctore

127 2510 217 2552 usum
246 2513 323 2569 esse,
354 2494 518 2553 admodum
545 2492 700 2571 probabile
720 2499 777 2568 est,
809 2493 986 2572 praesertim
1008 2512 1078 2553 cum
1102 2493 1174 2552 haec
1197 2512 1245 2552 res

125 2598 165 2657 sit
185 2617 202 2658 e
223 2599 472 2658 reconditioribus
502 2617 600 2676 neque
627 2598 665 2658 ab
686 2596 757 2657 ullis
784 2598 851 2658 aliis
871 2604 1126 2658 commemoretur
1151 2599 1246 2678 scrip·

126 2704 242 2764 toribus
273 2704 396 2764 Graecis
425 2705 470 2764 vel
505 2705 661 2766 Romanis.
692 2704 757 2764 Iam
787 2723 857 2764 vero
888 2704 1070 2764 Heerenus³
1101 2704 1247 2783 probante

125 2811 293 2873 Mueller04
321 2812 548 2887 demonstravit,
580 2813 714 2890 Trogum
741 2813 773 2871 in
795 2809 1020 2870 conscribendis
1042 2811 1127 2870 libris
1147 2810 1248 2870 36-44

126 2935 217 2976 usum
247 2935 314 2976 esse
344 2917 513 2992 Posidonio,
546 2917 576 2976 id
609 2916 688 2995 quod
712 2917 839 2976 minime
860 2916 1008 2974 refutasse
1031 2915 1105 2975 mihi
1127 2916 1247 2976 videtur

127 3023 314 3102 Scheppig.5
346 3025 433 3086 Unde
464 3025 499 3084 fit
528 3024 690 3083 verisimile
717 3024 802 3083 illum
833 3023 870 3082 de
900 3022 1129 3083 Bactrianorum
1152 3043 1245 3102 regno

126 3128 243 3188 sublato
266 3130 365 3188 locum
387 3135 417 3189 et
438 3129 619 3189 Strabonem
641 3135 671 3188 et
692 3129 825 3206 'Trogum
848 3128 1027 3206 Pompeium
1049 3130 1247 3209 sumpsissee

126 3232 278 3292 Posidonii
300 3232 410 3292 Rhodii
433 3234 576 3293 historiis.
608 3233 672 3294 lam
695 3233 788 3310 igitur
809 3234 866 3292 hoc
890 3250 1010 3310 quoque
1032 3233 1094 3292 loco
1115 3234 1147 3292 in
1168 3234 1248 3293 eius-

126 3337 195 3396 dem
217 3339 397 3417 paragraphi
419 3339 514 3416 spatio
535 3345 671 3398 auctores
692 3338 950 3416 deprehendimus
979 3338 1193 3416 Apollodorum
1216 3327 1246 3398 et

126 3444 322 3503 Posidonium
344 3444 508 3503 Rhodium.
532 3442 644 3519 Quare,
667 3449 824 3522 utsupra,
849 3441 1002 3521 probabile
1023 3449 1079 3519 est,
1102 3462 1148 3518 ea,
1169 3463 1247 3522 quae

127 3547 322 3625 cognovimus
342 3548 538 3626 Apollodorea
560 3566 637 3621 esse,
661 3547 764 3606 deberi
786 3546 945 3607 Posidonio
961 3547 1088 3607 Rhodio.
1105 3548 1246 3608 Ceterum

128 3655 165 3714 de
186 3673 280 3732 regno
311 3654 469 3714 Bactriano
496 3673 599 3714 everso
629 3655 765 3714 conferas
791 3654 882 3713 velim
917 3654 1041 3731 Lassen,
1076 3655 1106 3715 Z.
1131 3655 1167 3715 G.
1192 3657 1247 3717 der

202 3922 412 3992 ¹OEp8m

199 4020 271 4076 ”CI
291 4038 317 4090 p.
338 4023 379 4075 10.

199 4117 379 4174 ³Comment
405 4119 432 4173 II
457 4118 491 4172 de
517 4117 588 4176 font.
611 4121 639 4171 et
662 4118 793 4173 auctorit.
820 4117 906 4187 Trogi
931 4118 1027 4188 Pomp.
1048 4120 1078 4173 in
1096 4122 1236 4174 comment

130 4201 205 4256 cota.
225 4203 272 4256 rol
299 4204 347 4258 XV
365 4221 391 4273 p.
411 4203 464 4258 233
483 4219 544 4271 sqq.

199 4299 341 4369 ⁴Fragm.
362 4300 427 4355 hist.
446 4317 539 4371 graec.
559 4299 614 4356 vol.
633 4297 672 4351 ΙΙΙ
690 4314 717 4367 p.
738 4299 797 4353 252.

200 4394 251 4450 ὁ1.
270 4411 292 4448 c.
312 4413 338 4463 p.
358 4396 392 4448 35
410 4413 470 4463 sqq.
