2746 4808
580 293 779 352 ,32-

202 451 319 526 Petrae,
344 470 420 528 quae
447 460 611 512 narrantur
632 456 663 512 in
692 453 850 531 Sogdianis
877 451 1104 528 Bactrianisque
1135 453 1241 526 captae

120 575 185 614 esse
207 556 244 614 ab
260 557 441 633 alexandro,
459 560 578 637 saepius
601 560 681 620 inter
703 579 735 618 se
759 564 985 618 commutantur
1006 553 1240 633 ascriptoribus

122 680 223 720 rerum
248 661 435 722 Alexandri.¹
459 664 492 722 Ei
523 665 605 724 euim
636 671 738 742 petrae
765 683 841 744 quae
863 664 920 722 sita
941 669 1005 722 erat
1026 662 1057 721 in
1080 658 1242 736 Sogdianis

121 785 191 824 cum
213 786 229 825 a
252 765 398 827 Strabone
420 775 450 827 et
471 769 597 828 Curtio2
618 775 760 831 narretur
788 767 953 847 praefuisse
984 767 1172 839 briarnazuS‚
1204 763 1241 824 ab

121 871 251 930 Arriano
271 892 321 932 an.
346 873 386 931 IV
408 872 456 945 18,
474 874 493 932 li
513 875 625 933 dicitur
655 874 825 952 praefectus
853 874 946 932 tuisse
977 870 1134 948 Oxyartes.
1169 867 1241 928 alti-

122 976 259 1036 tudinem
282 984 383 1036 autem
405 979 497 1038 huius
519 979 602 1056 rupis
615 980 708 1040 fuisse
728 979 850 1056 triginta
866 979 1032 1038 stadiorum
1048 975 1242 1036 consentiunt

124 1081 231 1141 Strabo
263 1089 291 1141 et
321 1083 443 1144 Curtius
473 1084 527 1142 VII
549 1083 599 1159 tl,
624 1084 652 1143 l.
697 1085 733 1146 In
764 1084 857 1144 altera
892 1084 941 1143 illa
972 1087 1056 1160 petra
1092 1079 1242 1157 Oxyartae

124 1187 216 1246 liliam
253 1195 370 1266 captam
402 1208 468 1248 esse
504 1191 568 1248 vult
602 1191 749 1249 Arrianus
781 1209 831 1248 an.
865 1188 905 1247 IV
933 1185 982 1262 19,
1013 1186 1051 1259 43
1096 1183 1242 1244 Curtiusl

123 1300 224 1354 autem
247 1314 332 1355 secus
355 1304 459 1356 narrat
480 1297 517 1355 de
546 1297 643 1375 primo
671 1296 813 1357 Roxanae
833 1303 864 1355 et
885 1293 1047 1355 Alexandri
1078 1297 1239 1353 conventu.

123 1399 229 1459 Strabo
252 1400 354 1477 igitur,
379 1402 439 1459 sive
460 1401 526 1461 eius
547 1407 661 1477 auctor,
677 1408 707 1461 et
721 1400 929 1461 Aristobulum
945 1400 1065 1459 videtur
1079 1415 1243 1476 usurpasse

124 1509 151 1562 et
167 1503 363 1564 Clitarchum.
388 1505 473 1576 Quod
488 1506 531 1564 vel
547 1506 617 1565 inde
630 1506 829 1583 cognoscitur,
853 1504 931 1582 quod
953 1504 1047 1563 dixit:
1073 1501 1118 1564 aui
1138 1501 1193 1582 τὴν
1214 1497 1243 1560 ἐν

124 1611 160 1690 τῇ
183 1605 322 1690 Σογδιανῇ
344 1607 396 1689 τὴν
411 1613 459 1669 τοῦ
477 1595 575 1679 ”Oica
599 1610 622 1670 oi
644 1609 853 1694 δ”Αριαμοὶζου
875 1609 952 1691 φασί.
975 1609 1033 1668 Pro
1051 1593 1138 1677 ὬΕου
1162 1608 1243 1666 enim

124 1715 317 1776 scribendum
341 1724 386 1776 est
404 1702 565 1799 Ὀξυάρτου
588 1738 657 1778 cum
680 1719 806 1778 minime
828 1724 897 1795 apta
917 1717 956 1776 sit
973 1717 1030 1776 Oxi
1051 1713 1240 1792 significatio.

124 1818 190 1888 Qua
220 1821 431 1880 emendatione
461 1823 536 1880 facta
569 1821 733 1881 Aristobnli
768 1822 916 1885 sententia
939 1825 968 1880 et
990 1819 1131 1880 Clitarchi
1154 1837 1242 1896 oppo

124 1930 267 1983 uantur.4

206 2032 249 2090 De
271 2033 513 2094 Branchidarum
542 2037 708 2115 proditione
739 2043 829 2114 atque
850 2052 944 2112 poena
967 2033 1047 2091 idem
1069 2031 1143 2104 tere,
1167 2031 1242 2109 quod

128 2138 235 2198 Strabo
257 2141 395 2217 perhibet
416 2142 538 2202 Curtius
562 2144 614 2203 VII
636 2144 666 2219 5,
689 2143 738 2203 28.
773 2145 877 2220 Neque
905 2147 1006 2200 tamen
1028 2139 1243 2226 certatratione

127 2242 197 2302 inde
229 2244 296 2303 licet
329 2245 479 2324 colligere,
514 2249 606 2308 huius
637 2249 678 2307 rei
711 2255 862 2308 auctorem
894 2244 1033 2305 Straboni
1064 2244 1157 2306 tuisse
1189 2244 1243 2303 Cli-

127 2350 277 2408 tarrhum.
311 2351 387 2410 Nam
419 2352 580 2412 verisimile
611 2358 667 2429 est,
690 2353 817 2413 eandem
847 2370 911 2411 rem
941 2355 1094 2408 narratam
1122 2368 1188 2409 esse
1209 2350 1242 2410 ab

127 2457 193 2514 aliis
215 2457 411 2534 scriptoribus
433 2477 535 2518 rerum
561 2459 734 2519 Alexandri.
758 2459 873 2518 Tamen
901 2457 979 2535 quod
1009 2457 1039 2515 in
1069 2456 1242 2516 anteceden-

129 2561 210 2620 tibus
232 2563 425 2639 cognovimus
447 2563 589 2623 Clitarchi
612 2563 746 2640 vestigia,
776 2563 960 2642 probabilius
991 2568 1047 2636 est,
1078 2570 1240 2621 extremam

127 2685 245 2745 quoque
267 2669 490 2746 paragraphum
513 2668 615 2727 deberi
637 2669 735 2728 eidem
758 2669 882 2728 auctori.

341 2824 404 2899 §a

210 2951 407 3028 Polytimetos
429 2956 528 3014 amnis
549 2955 665 3034 oleique
681 2958 777 3016 tontes
794 2975 885 3036 prope
908 2955 1026 3015 Ochum
1051 2954 1165 3014 inventi
1181 2970 1244 3012 nar-

132 3063 239 3116 rantur
253 3076 288 3116 ex
306 3059 482 3118 auctoritate
496 3060 675 3133 Aristobuli‚
692 3061 778 3120 cuius
794 3080 904 3121 nomen
919 3060 1038 3120 citatur.
1056 3059 1102 3118 Ad
1117 3058 1245 3118 eundem

133 3165 260 3224 redeunt.
283 3166 375 3223 haer:
401 3167 457 3245 ῥεῖν
479 3164 508 3225 δὲ
531 3165 577 3226 τὸν
593 3165 682 3250 Ὦχον
711 3167 734 3227 οἱ
756 3166 807 3248 μὲν
828 3166 873 3227 brol
893 3173 946 3248 τῆς
968 3165 1147 3248 Βακτριανῆς
1168 3185 1248 3247 φασιν

132 3276 161 3326 et
183 3270 252 3328 illa:
277 3270 301 3330 oi
322 3269 352 3331 δὲ
376 3271 434 3333 καθ
457 3273 549 3357 ἀρχαι,
572 3272 622 3354 μὲν
644 3273 748 3357 ἕτερον,
770 3273 947 3356 συμβάλλειν
968 3272 992 3334 δ’
1013 3273 1052 3340 εἰς
1081 3271 1111 3333 ἓν
1143 3271 1174 3332 τὸ
1204 3271 1249 3332 τοι)

142 3361 217 3444 Ωξου
240 3376 360 3460 ῥεῖθρον,
386 3378 534 3462 πολλαχοῦ
555 3379 600 3438 καὶ
622 3367 655 3449 ἓξ
677 3379 723 3440 καῖΙ
749 3379 820 3441 estol
840 3378 964 3441 σταδίοιν
985 3378 1052 3462 ἔχον
1074 3399 1105 3439 το
1132 3378 1248 3448 πλάτος.

133 3488 166 3542 nt
186 3490 310 3562 apparet
331 3504 366 3543 ex
390 3485 437 3560 iis,
461 3505 538 3563 quae
560 3493 671 3564 supra5
686 3487 906 3566 disputavimus
921 3487 958 3545 de
974 3485 1055 3545 Ocho
1070 3486 1247 3546 Aristobuli.

132 3589 266 3649 Alteram
282 3597 383 3650 autem
400 3593 436 3651 de
451 3592 533 3652 Ocho
549 3595 729 3654 sententiam
745 3614 761 3654 a
777 3593 922 3653 Strabone
937 3593 1069 3652 hocloco
1084 3593 1248 3653 exhibitam

133 3694 274 3772 Polycleti
304 3714 370 3754 esse
398 3696 674 3757 demonstravimus
703 3699 732 3756 in
750 3718 778 3776 p.
797 3697 836 3756 tt
850 3717 890 3757 ss
924 3696 988 3757 Iam
1014 3697 1040 3755 si
1061 3696 1248 3773 quaerimus,

133 3798 239 3858 Strabo
261 3806 363 3859 utrum
395 3801 451 3861 hoc
479 3803 539 3861 loco
567 3805 700 3882 ipsorum
735 3802 876 3880 Polycleti
904 3801 1128 3878 Aristobutique
1157 3801 1248 3861 libros

134 3937 347 3946 ...σοι-..-Μα-

206 4024 216 4064 ¹
235 4025 266 4078 A.
285 4041 311 4079 v.
331 4019 505 4088 Outschmid,
525 4015 691 4073 Oeschiohte
710 4014 798 4083 trans,
817 4030 844 4083 p.
864 4012 888 4082 2,
907 4015 932 4068 2.

205 4120 285 4178 ayn
304 4123 345 4190 11,
366 4123 388 4176 1.

119 4242 124 4254 ·
204 4219 217 4260 3
235 4219 299 4275 vm
317 4218 358 4274 16.

204 4315 278 4371 ⁴Of.
298 4315 408 4369 Arriau.
429 4328 473 4367 an.
493 4310 528 4366 tv
551 4311 582 4364 18
601 4311 629 4362 et
648 4307 725 4362 Ourt.
745 4305 793 4362 llll
814 4306 855 4373 11,
877 4306 897 4360 1.

206 4415 219 4454 ⁵
236 4429 263 4482 p.
284 4413 317 4466 13
336 4427 371 4467 ss.
