2746 4808
586 329 786 388 ..13-

207 493 238 553 1.
263 493 319 573 ρἐἷν
341 489 371 550 δὲ
393 489 439 549 τὸν
456 489 544 572 Ὦχον
565 489 588 549 οἱ
611 488 661 569 μὲν
683 489 727 549 διά
747 495 804 573 τῆς
826 488 1004 572 Βακτριανῆς
1029 509 1121 572 φασιν,
1145 487 1243 548 Strab.

125 600 169 660 XI
192 600 243 677 11,
266 600 286 658 5
307 600 339 659 O.
356 598 426 660 518.

208 708 238 766 2.
263 706 287 766 oi
319 703 349 766 δὲ
379 703 437 765 κατ’
470 703 562 786 ἀρχάς
584 701 635 783 μὲν
662 702 767 785 ἕτερον.
789 701 966 783 συμβάλλειν
988 701 1011 761 δ’
1037 702 1076 769 εἰς
1097 701 1127 762 ἓν
1149 701 1179 762 τά
1199 705 1247 760 τοῦ

125 801 215 884 Ὦξον
239 812 350 895 ῥεῖθρον
376 810 525 892 πολλαχοῦ
556 809 601 870 καὶ
629 797 662 880 ἓξ
685 809 729 871 καὶ
751 808 821 870 ἑπτά
842 807 970 876 σταδίους
991 808 1057 891 ἔχον
1079 809 1109 868 τά
1130 808 1246 876 πλάτος.

126 921 256 982 Ibidem.

207 1030 238 1089 3.
262 1027 326 1088 ἔνιοι
347 1025 378 1088 δὲ
399 1027 447 1087 τὸν
463 1025 551 1109 Ὦχον
579 1025 619 1093 εἰς
649 1023 695 1084 τὸν
720 1009 806 1093 Ὦξον
836 1021 993 1104 ἐμβάλλειν
1022 1025 1115 1106 puolo.
1145 1026 1245 1086 Stroh.

126 1136 170 1196 XI
193 1136 223 1209 7,
245 1136 265 1193 3
287 1135 408 1195 (1.509.

208 1243 237 1301 ll.
262 1247 310 1300 τοῦ
330 1239 360 1301 δὲ
377 1239 466 1323 ’Ὦχον
482 1244 606 1321 ποταμοῦ
620 1239 741 1321 πλησίον
756 1239 923 1322 ορὺτποντας
937 1238 1027 1322 εὑρεῖν
1043 1239 1139 1302 ἐλαίου
1153 1243 1248 1324 πηγὴν

126 1348 263 1430 λέγουσιν.
287 1348 386 1408 Strab.
410 1347 523 1408 XIII.
547 1348 566 1405 5
588 1349 621 1408 C.
644 1346 715 1407 518.

207 1457 358 1517 Omnibus
378 1457 438 1532 his,
470 1475 544 1534 quos
565 1456 792 1534 exscripsimus,
826 1455 896 1515 loeis
918 1457 1084 1517 Aristobuli
1106 1459 1143 1517 de
1165 1458 1247 1529 Ocho

125 1564 304 1642 proponitur
328 1562 486 1622 sententia.
511 1561 659 1620 Arrianus
680 1562 763 1620 enim
785 1562 816 1620 in
838 1581 888 1621 an.
912 1562 956 1622 III
976 1562 1017 1621 29
1038 1564 1166 1624 eandem
1188 1563 1245 1623 Oxi

84 1693 87 1697 ·
124 1666 325 1727 latidudinem
355 1667 470 1741 statuit,
510 1686 602 1745 quam
635 1666 743 1726 Strabo
772 1667 825 1725 XI.
854 1666 904 1743 11,
937 1668 958 1725 5
985 1668 1018 1729 C.
1049 1669 1120 1729 518.
1159 1670 1247 1730 Unde

125 1773 265 1850 sequitur
286 1773 367 1830 hunc
383 1768 538 1829 Strabonis
554 1769 652 1829 locum
663 1771 795 1848 pendere
805 1770 1032 1832 ahAristohulo.
1056 1773 1249 1835 Aristobulus

126 1876 220 1953 igitur
242 1867 466 1937 Ochi'nomine
495 1876 625 1954 appellat
656 1876 783 1934 fluvium
810 1876 975 1953 quendam,
1007 1878 1060 1954 qui
1088 1879 1190 1940 inlluit
1216 1881 1248 1940 in

125 1985 242 2058 Oxum3
266 2003 361 2062 quare
382 1984 514 2043 eundem
528 1982 636 2041 Strabo
658 1982 807 2059 significat
828 1989 982 2042 auctorem
1004 2003 1074 2044 eum
1096 1986 1169 2045 dicit
1192 1989 1244 2048 XI.

124 2091 155 2165 7,
179 2092 198 2149 3
220 2092 253 2151 C.
275 2090 355 2150 509:
389 2089 453 2148 ἔνιοι
484 2087 514 2148 λε
546 2087 592 2147 τὸν
617 2087 706 2170 Ὦχον
735 2088 774 2156 εἰς
804 2088 850 2148 τὸν
866 2076 955 2159 Ὦξον
975 2089 1133 2171 ἐμβάλλειν
1154 2094 1248 2174 φασίν,

127 2197 306 2276 praesertim
339 2215 409 2254 cum
435 2194 517 2253 breri
546 2200 612 2272 post
633 2195 825 2255 Aristobulus
846 2196 966 2256 rlisertis
989 2196 1087 2256 verbis
1108 2217 1244 2261 comme-

126 2309 273 2363 moretur.
298 2302 412 2362 Deinde
434 2301 512 2380 quod
535 2300 643 2360 Strabo
664 2301 707 2360 XI
729 2300 778 2377 11,
801 2301 871 2361 50.
887 2300 947 2360 518
968 2301 1039 2361 dicit
1061 2322 1077 2362 e
1099 2307 1248 2367 sententia

124 2409 343 2469 nonnullorum
376 2407 555 2485 scriptorum
586 2407 705 2466 Ochum
737 2409 831 2467 lluere
863 2426 915 2485 per
945 2407 1155 2484 Bactrianam,
1191 2411 1248 2469 hoc

114 2523 248 2596 optume
263 2515 411 2574 consentit
426 2533 494 2573 oum
510 2513 673 2573 Aristohuli
697 2515 857 2589 sententia,
882 2515 933 2592 qui
955 2515 985 2573 in
1002 2515 1103 2575 Oxum
1119 2517 1248 2576 influere

123 2621 250 2701 putabat
264 2619 394 2680 Ochum.
419 2619 524 2697 ltaque
546 2620 637 2679 buius
658 2640 776 2698 quoque
793 2621 846 2680 loci
861 2628 965 2681 auctor
979 2627 1025 2680 est.
1040 2621 1244 2683 Aristobulus

130 2729 195 2789 lam
218 2727 298 2809 idem
320 2726 400 2805 apud
422 2725 522 2787 Strah.
547 2727 588 2784 XI
610 2724 659 2800 11,
683 2726 702 2784 5
725 2726 756 2785 C.
781 2725 841 2785 518
870 2726 1033 2786 memoriae
1055 2726 1157 2802 tradit,
1190 2726 1246 2786 olei

123 2836 222 2894 tontes
253 2839 387 2912 repertos
414 2851 479 2892 esse
511 2851 602 2911 prope
624 2832 744 2891 Ochum
767 2832 905 2892 llnvium.
939 2833 1048 2892 Confer
1084 2831 1121 2891 de
1152 2851 1186 2893 ea
1214 2852 1248 2892 re

122 2941 205 3001 Plut.
229 2941 260 2998 in
282 2940 335 2998 vit.
360 2938 445 2998 Alex.
468 2938 507 2996 57
529 2945 558 2998 et.
579 2938 700 2997 Arriam.
730 2938 790 2997 An.
813 2938 853 2996 IV
875 2936 924 3013 t5,
949 2937 966 2995 7
989 2937 1085 3015 (unde
1105 2939 1245 2999 Eustath.

124 3047 163 3107 orl
178 3047 266 3106 Dion.
291 3046 403 3125 perieg.
429 3066 456 3106 ν.
476 3045 534 3104 717
556 3046 681 3122 hausit),
704 3046 755 3124 qui
772 3045 944 3104 Aristobulo
966 3051 1105 3104 auotore1
1127 3051 1245 3106 testan-

122 3159 186 3229 tur,
220 3152 384 3212 Alexandri
406 3153 517 3212 milites
548 3172 640 3231 prope
663 3151 762 3212 Oxum
784 3151 923 3212 effodisse
944 3150 999 3210 olei
1024 3154 1132 3227 fonteS,
1166 3155 1248 3215 unde

99 3297 103 3303 -
121 3262 239 3321 honum
254 3278 343 3320 omen
360 3259 417 3318 sibi
434 3279 487 3319 rex
502 3260 691 3338 sumpsisset.
717 3259 802 3330 Quod
817 3259 924 3319 Strabo
940 3259 1005 3318 vult
1020 3278 1112 3337 prope
1127 3259 1248 3320 Ochum

122 3368 199 3427 illud
221 3368 377 3439 accidisse,
402 3365 584 3426 Plutarchus
605 3373 634 3426 et
656 3366 807 3426 Arrianus
829 3385 920 3444 prope
936 3365 1048 3442 Oxum,
1072 3373 1125 3425 aut
1140 3365 1248 3426 Strabo

122 3475 334 3535 emendandus
365 3480 416 3534 ant
445 3475 627 3534 sumendum
658 3480 714 3549 est,
747 3473 893 3533 traditum
923 3491 988 3533 esse
1016 3472 1053 3531 ab
1076 3474 1247 3533 Aristobulo

124 3583 226 3642 tontes
247 3581 398 3641 exstitisse
424 3600 515 3659 prope
541 3601 611 3640 eum
642 3581 752 3656 locum,
785 3580 838 3641 nbi
872 3600 932 3640 uno
954 3580 1036 3639 alveo
1058 3581 1248 3664 recipiuntur

123 3689 210 3750 Oxus
231 3695 262 3749 et
281 3688 393 3764 Ochus,
417 3689 458 3748 itu
480 3695 514 3748 ut
535 3689 640 3748 eodem
662 3687 728 3748 iure
744 3687 828 3748 Oxus
851 3689 967 3766 legatur
988 3688 1068 3767 apud
1083 3686 1248 3747 Arrianum

120 3797 384 3874 Plutarchumque
406 3802 435 3856 et
451 3796 529 3874 apud
551 3795 731 3855 Strabonem
756 3794 869 3855 Ochus.
893 3796 957 3855 Hoc
971 3795 1101 3855 alterum
1124 3799 1158 3854 ut
1172 3795 1250 3853 veri-

123 3903 257 3964 similius
285 3911 388 3982 putem
417 3904 549 3964 adducor
570 3903 665 3963 Curtii
689 3903 759 3961 Ruti
789 3903 921 3981 quodam
943 3903 1016 3974 loco,
1050 3902 1102 3980 qui
1129 3907 1175 3961 est
1194 3902 1250 3962 VII

120 4010 237 4087 1Ο,1-1.
263 4011 320 4070 Ubi
336 4012 390 4071 etsi
407 4030 467 4070 non
482 4011 538 4071 olei
551 4011 648 4069 fontes
662 4017 798 4089 repertos
812 4029 878 4069 esse
887 4012 949 4070 vult
962 4010 1014 4071 sed
1026 4028 1134 4087 aquae,
1147 4017 1250 4069 tamen

121 4119 162 4180 de
175 4119 281 4178 eodem
298 4138 368 4179 casu
383 4119 431 4196 agi
446 4119 586 4195 arbitror,
601 4119 680 4196 quod
698 4117 821 4177 Curtius
834 4117 905 4177 dicit
918 4138 925 4191 3
949 4135 1075 4195 ,rexque
1088 4117 1152 4196 ipse
1167 4115 1249 4175 credi

122 4225 218 4287 voluit
239 4226 331 4286 deum
353 4227 467 4286 donum
490 4225 517 4283 id
544 4225 662 4285 fulsse.‘
686 4226 783 4303 Atque
804 4226 883 4285 hanc
904 4243 968 4284 rem
991 4224 1135 4283 accidisse
1156 4241 1248 4303 prope

125 4370 337 4380 —u---ffl--m

214 4441 225 4481 ¹
245 4439 386 4497 Frtnkel:
406 4440 456 4496 llio
477 4439 594 4510 Ouellen
614 4439 663 4494 der
682 4437 998 4495 Alexanderhistorikar
1016 4455 1042 4506 ρ.
1063 4435 1124 4490 303.
