2746 4808
147 108 328 185 Hyrcaniam
359 109 501 186 deinceps
532 107 639 167 Strabo
678 115 783 167 narrat.
821 107 1081 185 opulentissimam
1120 126 1185 165 esse

64 219 95 271 et
117 219 237 292 propter
258 213 390 290 regionis
411 213 504 272 situm
531 217 561 272 et
590 219 712 292 propter
742 213 864 272 urbium
900 232 1061 272 numerum
1098 220 1187 290 atque

64 319 308 394 magnitudinem
329 325 360 380 et
380 310 503 399 propter
523 339 570 396 ea,
592 339 671 399 quae
692 320 733 379 ibi
755 321 921 396 gignantur
944 328 1033 380 terra.

148 423 323 483 Fertilitatis
357 431 458 484 autem
489 425 657 502 Hyrcaniae
691 425 865 485 testimonia
901 445 919 484 a
948 423 1094 485 Strabone
1126 425 1186 484 iarn

64 529 199 590 exhibita
221 529 300 605 111,
322 530 363 589 14
384 530 416 590 C.
442 529 480 590 73
503 531 644 608 leguntur
665 532 756 591 etiam
786 531 865 609 apud
895 531 1055 609 scriptores
1084 549 1186 591 rerum

64 637 239 696 Alexandri.
264 638 374 697 Confer
394 639 476 698 enim
499 639 583 698 Curt.
609 639 680 699 Ruf.
705 638 745 698 VI
767 639 797 713 4,
825 637 861 697 11
896 646 926 697 61
949 637 1068 697 Diodor.
1093 637 1185 698 Sicul.

64 743 149 802 XVII
171 742 264 817 75,AE
296 743 385 821 (adde
416 744 508 803 eliam
531 745 693 805 Onesicriti
716 746 754 805 fr.
778 744 797 802 3
819 752 849 804 et
870 743 912 822 4).
951 744 1057 822 Neque
1084 750 1185 804 tamen

63 849 244 926 Clitarchus
281 869 297 909 a
328 870 386 928 quo
421 854 534 910 fontem
564 871 580 911 a
616 852 718 911 Curtio
750 851 919 911 adhibitum
960 858 990 910 et
1022 851 1186 910 Diodorum

63 956 201 1017 Siculum
223 958 255 1017 in
285 959 377 1018 rebus
405 959 568 1018 Alexandri
600 960 762 1019 narrandis
795 960 924 1038 pendere
955 959 1028 1018 satis
1059 965 1186 1033 constat,

62 1063 184 1121 illorum
213 1063 453 1122 testimoniorum
486 1065 523 1122 ad
557 1064 725 1142 Hyrcaniae
755 1064 940 1124 fertilitatem
971 1063 1186 1142 pertinentium

62 1167 204 1227 Straboni
226 1167 344 1226 ridetur
365 1175 468 1227 auctor
490 1171 605 1243 fnisse3
631 1188 702 1228 nam
724 1176 753 1228 et
775 1187 810 1228 eo
824 1189 915 1247 quem
938 1175 1103 1228 tractamus
1124 1170 1187 1228 loco

62 1279 94 1332 et
116 1272 165 1330 illo
188 1271 254 1331 libri
277 1273 305 1331 ΙΙ
326 1291 396 1332 oum
418 1274 570 1351 Hyrcania
591 1281 810 1352 comparantur
831 1274 978 1334 Sacasene
999 1279 1029 1332 et
1050 1274 1188 1334 Ararene

61 1385 155 1456 atque
177 1377 217 1436 ita
231 1376 366 1455 quidem,
391 1383 424 1436 ut
447 1378 532 1437 facile
547 1387 691 1457 appareat
706 1386 736 1437 et
759 1379 920 1438 fertilitatis
942 1378 991 1436 illa
1006 1385 1185 1454 argumenta

61 1489 93 1542 et
126 1481 290 1540 Samsenae
323 1482 539 1559 Araxenaeque
569 1484 823 1560 comparationem
854 1503 890 1542 ex
929 1483 1033 1542 eodem
1063 1482 1185 1542 fluxisse

63 1589 155 1647 fonte.
181 1587 277 1656 Quem
308 1588 420 1645 fontem
452 1587 644 1666 Theophanis
673 1586 767 1647 fuisse
798 1587 909 1646 librum
932 1587 1016 1647 docet
1048 1587 1098 1645 W.
1124 1587 1184 1646 Fa-

61 1693 178 1752 bricius
210 1693 229 1751 l.
254 1712 279 1751 c.
305 1711 333 1770 p.
367 1691 407 1750 80
435 1700 465 1752 et
493 1692 563 1752 136.
601 1693 800 1771 Theophanes
822 1693 902 1752 enirn
936 1713 981 1768 ea,
1013 1712 1090 1770 quae
1120 1693 1182 1752 Cli-

60 1798 188 1858 tarchus
217 1797 381 1856 memoriae
413 1798 578 1858 tradiderat
607 1798 776 1875 Hyrcaniae
811 1797 971 1857 fertilitatis
1000 1797 1182 1865 testimonia,

59 1901 244 1981 comparavit
265 1920 335 1960 cum
357 1901 403 1972 iis,
428 1921 505 1980 qnae
528 1903 592 1980 ipse¹
613 1909 755 1981 expertus
777 1908 838 1961 erat
863 1903 893 1961 in
916 1902 1072 1976 Armenia,
1096 1906 1185 1979 atque

59 2029 76 2067 e
99 2006 292 2086 Theophanis
313 2006 389 2065 libro
411 2025 464 2066 sua
488 2006 617 2085 sumpsit
639 2006 757 2066 Strabo.

143 2112 229 2184 Quod
251 2113 276 2171 si
298 2119 378 2172 recte
400 2119 553 2190 putamus,
590 2131 628 2170 ne
656 2111 706 2171 illa
735 2111 870 2189 quidem,
905 2129 981 2187 cyuae
1014 2118 1185 2188 sequuntur

58 2219 133 2280 inde
153 2239 169 2278 a
191 2223 256 2298 ,τῆς
277 2215 378 2298 μέντοι·
400 2237 495 2296 usque
517 2219 553 2277 ad
576 2216 675 2299 ,φησί1
696 2217 740 2294 (p.
764 2215 846 2294 509),
872 2222 995 2293 possunt
1019 2236 1077 2275 non
1092 2217 1187 2276 Theo-

59 2325 171 2405 phanis
192 2343 268 2384 esse.
299 2325 372 2383 Tam
395 2330 459 2384 arte
480 2324 564 2384 enim
586 2324 746 2381 cohaerent
770 2341 839 2381 cum
868 2321 1128 2395 antecedentibus,
1154 2330 1186 2382 nt.

58 2432 99 2493 ah
128 2432 165 2491 iis
196 2431 243 2490 vix
271 2431 374 2490 dirimi
401 2432 526 2509 possint.
575 2430 675 2500 Quare
709 2430 839 2488 arbitror
872 2429 946 2486 haec
973 2447 1092 2504 tyrioque
1122 2448 1187 2487 osse

58 2537 263 2615 Theophanis.
288 2535 371 2607 Quod
397 2535 646 2614 probaturetiam
667 2535 725 2593 alio
741 2541 932 2609 argumento,
956 2532 1034 2609 quod
1061 2534 1184 2610 petitum

58 2650 108 2704 est
129 2664 145 2703 e
167 2662 269 2702 rerum
291 2643 396 2702 ordine
422 2662 438 2701 a
461 2641 609 2702 Strabone
630 2641 776 2701 adhibito.
801 2640 897 2700 Nemo
919 2640 1000 2698 enim
1025 2639 1185 2716 ignorabit,

58 2768 147 2809 resa
171 2749 318 2808 Strabone
340 2749 371 2807 in
394 2750 451 2808 hac
479 2747 666 2824 paragrapho
695 2765 794 2823 neque
826 2744 996 2803 luculenter
1029 2745 1188 2822 dispositas

59 2875 129 2917 esse
151 2875 250 2934 neque
264 2856 426 2929 eleganter.
452 2854 680 2914 Sententiarum
695 2853 777 2911 enim
793 2852 865 2910 ordo
887 2858 932 2910 est
955 2851 1022 2910 hic:
1048 2850 1184 2913 Prinnun

57 2961 182 3042 quidem
205 2961 370 3018 absolvitur
391 2961 428 3018 de
449 2959 577 3018 urbibus
594 2958 761 3035 Hyrcaniae
782 2957 908 3032 eiusque
930 2956 1092 3014 fertilitate.
1109 2956 1187 3014 Tum

57 3068 244 3129 exhihentur
276 3085 384 3125 causae
416 3085 471 3123 rtur
502 3065 649 3141 Hyrcania
688 3084 744 3122 nou
777 3081 823 3132 ea,
857 3082 915 3139 qua
944 3061 1082 3135 debebat,
1116 3081 1188 3120 cura

58 3185 152 3252 atque
173 3172 328 3249 diligentia
360 3171 438 3229 culta
471 3172 520 3229 sit.
559 3168 624 3239 Qua
655 3189 685 3227 re
717 3168 753 3226 ud
785 3169 874 3225 tinem
914 3166 1055 3242 perducta
1088 3165 1188 3224 subito

58 3281 142 3342 aliud
165 3280 334 3359 Hyrcaniae
358 3278 518 3337 fertilitatis
536 3278 661 3336 affertur
685 3276 904 3349 testimonium,
921 3276 999 3351 quod
1017 3276 1187 3334 videbimus

58 3390 161 3450 redire
182 3389 219 3449 ad
240 3388 481 3447 Eratosthenem.
508 3386 612 3443 Nonne
634 3389 769 3461 apparet,
799 3383 975 3441 concinnius
1007 3383 1185 3442 Strabonem

57 3495 216 3553 dicturum
256 3492 349 3550 fnisse
384 3491 420 3549 de
454 3490 622 3567 Hyrcaniae
657 3489 815 3547 arboribus
857 3508 914 3544 uua
952 3508 1022 3546 cum
1061 3489 1184 3565 reliquis

58 3599 232 3676 Hyrcaniae
254 3596 413 3656 fertilitatis
436 3595 614 3653 testimoniis
626 3597 640 3651 ¹?
671 3595 731 3652 Cur
755 3593 845 3666 igitur
866 3598 960 3651 totam
982 3592 1064 3650 illam
1088 3592 1185 3649 inter-

57 3705 162 3785 posuit
182 3703 400 3781 digressionem
422 3702 458 3759 de
482 3701 631 3778 Hyrcania
663 3722 679 3759 a
709 3698 873 3758 cultoribus
900 3699 1063 3772 aegla-'al
1102 3698 1187 3768 Quod

55 3830 117 3872 cur
139 3812 251 3870 factum
275 3809 323 3883 sit,
347 3815 484 3886 apertum
507 3813 561 3866 est.
586 3807 688 3865 Noluit
710 3805 817 3865 Strabo
838 3806 1036 3884 Theophanis
1068 3812 1102 3861 et
1120 3807 1197 3861 Sia-
