2746 4808
583 283 783 342 ..46-

123 435 245 506 indicia,
269 437 379 514 quibus
405 440 499 497 multo
529 441 681 500 recentius
712 439 900 516 significatur
926 445 1058 518 ternpus.
1090 437 1242 497 Discimus

123 541 244 602 enime
276 543 444 618 fragmento
473 545 503 620 ἰν,
539 545 753 622 Apollodorum
787 544 943 623 scripsisse
971 550 1131 623 postquam
1167 543 1240 602 Par-

126 647 246 706 thorum
271 647 432 726 imperium
456 650 614 709 dilatatum
637 656 682 708 est
705 668 801 727 usque
821 650 859 708 ad
877 649 1080 726 Euphratem,
1111 648 1139 706 id
1164 647 1243 726 quod

126 754 236 812 lactum
260 761 303 813 est
325 756 400 814 rirra
422 777 449 813 a.
474 776 500 815 a.
526 755 596 816 Chr.
621 776 651 814 n.
675 754 762 814 139st
788 754 974 832 Margianam
997 755 1143 833 deinceps
1158 773 1243 814 occu

125 865 224 935 patarn
257 879 323 920 esse
353 880 368 919 a
401 861 519 921 Parthis
553 863 634 922 haud
667 863 761 921 multo
793 868 862 921 ante
884 881 912 920 a.
946 859 1006 920 128
1036 861 1110 920 satis
1145 860 1242 920 firmis

124 966 313 1040 argumentis
341 968 471 1028 ostendit
499 968 729 1027 Gutschmidius
759 967 778 1028 l.
802 987 827 1026 c.
853 986 881 1045 p.
905 965 975 1027 128.
1020 964 1106 1038 Quod
1124 966 1151 1024 si
1174 983 1244 1024 eum

123 1070 332 1130 Gutscbmidio
383 1074 421 1134 de
469 1073 525 1132 bac
575 1074 767 1152 occupatione
821 1073 1027 1150 intellegimus
1071 1069 1244 1149 Apollodori

123 1175 170 1234 illa
203 1177 304 1251 rerba,
335 1198 411 1255 quae
445 1185 514 1238 sunt
551 1180 581 1238 in
617 1180 785 1255 fragmento
815 1177 850 1236 le:
889 1175 1041 1259 ἁρεῖλοντο
1069 1172 1101 1235 δὲ
1123 1173 1172 1235 καὶ
1193 1179 1244 1254 τῆς

125 1278 301 1363 Βακτριανῆς
328 1283 411 1365 μέρος
436 1283 598 1366 βιασάμενοι
620 1282 684 1352 τοὺς
710 1283 837 1352 Σκύθας,
860 1283 1056 1362 Apollodorus
1078 1281 1173 1342 fuerit
1195 1298 1244 1339 ne·

126 1406 209 1448 resse
229 1395 274 1447 est
296 1396 359 1468 post
383 1391 413 1448 id
435 1391 588 1467 temporis.
613 1389 669 1449 Sed
694 1409 764 1449 cum
787 1389 876 1448 etiarn
899 1387 1116 1462 Menandrum,
1147 1403 1240 1463 quem

125 1493 372 1553 Gutscbmidinst
409 1495 574 1554 arbitratur
614 1513 757 1571 regnasse
788 1495 867 1556 intra
903 1512 998 1556 annos
1034 1512 1062 1551 a.
1099 1492 1174 1553 cnr.
1211 1508 1242 1549 n.

123 1596 253 1672 la5-9n,
278 1605 492 1658 commemoret
522 1599 728 1658 Partlricornm
756 1606 860 1658 auctor
890 1598 919 1657 in
943 1599 980 1656 lr.
1004 1595 1034 1670 9,
1058 1594 1150 1673 primi
1174 1597 1245 1651 ante

124 1700 278 1759 Christum
301 1703 409 1761 saeculi
441 1702 524 1761 initio
553 1704 753 1779 assignandus
775 1710 852 1762 esset
874 1701 1085 1781 Apollodorus
1111 1697 1171 1757 nisi
1195 1715 1242 1756 re·

124 1806 287 1865 rentiorem
320 1826 391 1866 eum
426 1808 517 1867 tuisse
546 1809 613 1867 aliis
643 1808 720 1867 effici
753 1814 852 1886 posset
873 1806 1073 1884 argumentis,
1098 1801 1244 1863 Animad-

124 1912 300 1971 vertendum
331 1913 412 1973 eninr
444 1921 500 1989 est,
531 1915 608 1992 quod
642 1914 749 1973 Strabo
780 1915 845 1991 la,
868 1913 933 1974 lC.
954 1912 995 1972 14
1024 1913 1099 1973 haec
1132 1909 1242 1969 babet:

122 2015 353 2098 γνωριμωτέρους
385 2017 478 2099 ἡμῖν
521 2017 656 2099 ἐποίησαν
697 2020 782 2100 ἧττον
816 2015 1042 2100 γνωριζομένους
1086 2013 1137 2075 irad
1173 2012 1245 2075 τῶν

121 2122 308 2203 πρότερον
329 2131 358 2184 et
380 2144 486 2186 rursus
501 2126 528 2184 ll
543 2125 573 2200 5,
590 2125 630 2184 ld
645 2125 678 2185 C.
696 2124 772 2184 ll8:
798 2123 970 2205 ἀπήγγελται
990 2121 1021 2182 δὲ
1042 2121 1145 2203 ἡμῖν,
1168 2137 1245 2199 quae

122 2226 222 2285 omnia
245 2228 281 2287 ad
310 2230 521 2307 Apollodorum
545 2231 696 2309 pertinere
724 2251 814 2310 supra
834 2230 1121 2291 demonstravimus.
1156 2227 1245 2288 Tales

123 2339 225 2392 autem
236 2333 391 2396 Strabonis
405 2337 567 2398 locutiones
582 2356 687 2397 omnes
696 2337 752 2396 viri
766 2337 857 2414 docti,
868 2337 966 2415 quide
977 2336 1074 2415 ipsius
1083 2331 1244 2403 Strabonis

122 2445 218 2497 aetate
232 2448 371 2518 egerunt,
384 2461 438 2501 suo
453 2443 519 2503 iure
529 2445 568 2503 ita
580 2450 650 2504 sunt
662 2443 862 2521 interpretati,
870 2449 902 2501 ut
913 2458 1122 2519 quaecumque
1133 2436 1244 2498 Strabo

123 2543 192 2602 dicit
215 2543 285 2626 ,πρὸ
307 2544 416 2626 quar,
439 2567 505 2609 esse
527 2549 614 2623 tacta,
639 2555 708 2608 ante
730 2547 909 2607 Strabonem
932 2551 1050 2619 natum,
1073 2560 1244 2621 quaerero

123 2649 206 2715 ,καθ’
228 2649 323 2732 ἡμᾶς6
345 2654 388 2711 rel
412 2651 474 2733 ,ἐρ’
496 2653 605 2734 ἡμωνί,
628 2653 776 2713 Strabone
794 2654 854 2712 iam
876 2660 942 2713 tum
964 2657 1034 2711 nato
1056 2649 1244 2730 explicarent

124 2775 188 2816 esse
203 2765 298 2833 gesta.
343 2762 441 2837 Atque
473 2761 527 2819 bac
555 2760 813 2838 interpretatione,
837 2779 906 2819 cum
928 2777 968 2818 ne
989 2755 1096 2817 Strabo
1117 2754 1244 2834 quidem

123 2881 182 2940 quo
205 2869 338 2943 tempore
364 2873 454 2926 natus
476 2867 525 2942 sit,
549 2866 609 2925 ullo
637 2873 718 2926 certo
748 2872 884 2926 veterum
912 2861 1084 2925 testimonio
1112 2864 1243 2933 constet,

124 2968 233 3028 nititur
261 2977 319 3030 tota
357 2971 512 3031 Strabonis
547 2973 652 3032 aetatis
686 2972 879 3050 computatio
932 2972 1032 3048 Atque
1069 2966 1108 3027 ab
1136 2965 1244 3025 eadem

126 3075 372 3152 interpretatione
394 3077 480 3136 nobis
502 3078 752 3155 proficiscendum
774 3083 830 3136 est.
874 3077 952 3136 Nam
983 3075 1007 3134 si
1039 3071 1149 3133 Strabo
1170 3072 1245 3132 dicit

125 3181 355 3264 γνωριμωτέρους
376 3182 449 3263 ἡμῖν
464 3183 598 3265 ἐποίησαν
620 3185 704 3264 ἠττον
725 3182 953 3265 γνωρίζομένους
981 3179 1030 3241 ὑπὸ
1058 3183 1110 3240 τω
1118 3203 1133 3237 ν
1161 3180 1245 3262 πρό-

123 3307 229 3369 τερον
252 3290 279 3347 h.
304 3309 330 3349 e.
355 3295 427 3359 ,των
448 3289 499 3373 πρὸ
521 3290 622 3371 ἡμων*
652 3301 678 3351 et
703 3311 809 3351 rursus
831 3288 1004 3372 ἀπήγγελται
1025 3285 1056 3347 δὲ
1083 3285 1177 3368 ἡμῖν
1201 3284 1246 3347 καὶ

126 3392 296 3454 andalauni
317 3391 451 3477 Παρθικὰ
472 3397 691 3478 συγγραψάντων
711 3401 768 3457 των
788 3394 850 3478 περὶ
870 3392 1091 3475 Ἀπολλόδωρον
1111 3391 1246 3452 dubitari

125 3519 183 3558 non
208 3506 314 3576 potest,
344 3500 417 3576 quin
440 3501 579 3561 Parthica
612 3503 750 3580 scriperit
770 3501 969 3580 Apollodorus
996 3501 1057 3560 iarn
1087 3506 1153 3558 tum
1175 3504 1247 3558 nato

124 3605 282 3665 Strabone.

204 3715 258 3773 uui
280 3713 411 3791 opinioni
434 3721 502 3792 apta
524 3716 647 3777 cannino
669 3722 740 3775 sunt
770 3722 940 3774 ceterarum
962 3731 1066 3772 rerum
1096 3718 1244 3790 tempora.

124 3820 233 3898 qnilnrs
256 3819 364 3879 Strabo
385 3818 488 3877 orbem
511 3825 662 3880 terrarum
685 3820 836 3899 praedicat
857 3819 1002 3878 notiorem
1025 3836 1091 3877 osse
1112 3821 1241 3878 lactum.

124 3926 200 3984 Nam
222 3925 340 3985 dnobus
370 3925 429 3984 illis
460 3926 540 4002 locis,
568 3926 618 3985 ubi
648 3926 781 4004 disputat
802 3926 839 3984 de
861 3943 893 3984 re
915 3923 1115 4001 geographica
1145 3943 1245 4003 nuper

123 4038 242 4107 aucta,³
270 4033 360 4093 lanius
383 4035 424 4092 rei
448 4034 618 4093 testimonia
641 4035 727 4092 all'ert
749 4052 818 4092 cum
842 4051 889 4092 res
911 4050 927 4091 a
950 4029 1071 4092 Parthis
1100 4031 1243 4110 explora-

127 4163 221 4170 ...--..-
234 4163 337 4171 ...ψ-,ι

197 4235 204 4272 1
227 4231 304 4286 Conf.
324 4230 469 4286 Gutschm.
491 4230 509 4283 l.
530 4248 551 4285 c.
572 4247 597 4299 p.
618 4231 660 4283 52.

195 4316 243 4369 12Ι.
264 4334 285 4370 c.
305 4335 331 4384 p.
353 4317 410 4369 104.

195 4401 207 4439 ⁸
226 4400 238 4453 l
257 4401 281 4469 2,
303 4401 311 4449 t
337 4397 367 4451 C.
386 4399 420 4452 14
439 4400 467 4450 at
484 4397 510 4451 ΙΙ
529 4399 553 4466 5,
575 4399 608 4452 12
627 4397 656 4452 C.
678 4395 800 4467 117s118.
